<?xml version="1.0" encoding="UTF-8"?>
<!DOCTYPE html PUBLIC "-//W3C//DTD XHTML 1.0 Transitional//EN"
    "http://www.w3.org/TR/xhtml1/DTD/xhtml1-transitional.dtd">
<html xmlns="http://www.w3.org/1999/xhtml" xml:lang="en" lang="en">
 <head>
  <title>
</title>
<meta http-equiv="Content-Type" content="text/html;charset=utf-8" />
  <meta name='ocr-system' content='tesseract 3.04.00' />
  <meta name='ocr-capabilities' content='ocr_page ocr_carea ocr_par ocr_line ocrx_word'/>
</head>
<body>
  <div class='ocr_page' id='page_1' title='image "./quintihoratiifl01horagoog_0322.png"; bbox 0 0 2790 4830; ppageno 0'>
   <div class='ocr_carea' id='block_1_1' title="bbox 471 202 1302 271">
    <p class='ocr_par' dir='ltr' id='par_1_1' title="bbox 471 202 1302 271">
     <span class='ocr_line' id='line_1_1' title="bbox 471 202 1302 271; baseline -0.002 0"><span class='ocrx_word' id='word_1_1' title='bbox 471 205 656 271; x_wconf 78' lang='lat' dir='ltr'><strong>DACERH</strong></span> <span class='ocrx_word' id='word_1_2' title='bbox 679 202 926 269; x_wconf 81' lang='lat' dir='ltr'>PRAEFATlO.</span> <span class='ocrx_word' id='word_1_3' title='bbox 1242 210 1302 269; x_wconf 80' lang='lat'>305</span> 
     </span>
    </p>
   </div>
   <div class='ocr_carea' id='block_1_2' title="bbox 94 348 1304 765">
    <p class='ocr_par' dir='ltr' id='par_1_2' title="bbox 94 348 1304 765">
     <span class='ocr_line' id='line_1_2' title="bbox 97 348 1303 439; baseline -0.002 -22"><span class='ocrx_word' id='word_1_4' title='bbox 97 357 221 439; x_wconf 81' lang='lat' dir='ltr'>primore</span> <span class='ocrx_word' id='word_1_5' title='bbox 235 356 383 419; x_wconf 79' lang='lat' dir='ltr'>volucrit:</span> <span class='ocrx_word' id='word_1_6' title='bbox 399 355 483 435; x_wconf 87' lang='lat' dir='ltr'>cujus</span> <span class='ocrx_word' id='word_1_7' title='bbox 498 352 660 415; x_wconf 82' lang='lat' dir='ltr'>admodum</span> <span class='ocrx_word' id='word_1_8' title='bbox 675 354 846 437; x_wconf 85' lang='lat' dir='ltr'>imperfecta</span> <span class='ocrx_word' id='word_1_9' title='bbox 860 373 899 414; x_wconf 85' lang='lat' dir='ltr'>ex</span> <span class='ocrx_word' id='word_1_10' title='bbox 912 350 1010 435; x_wconf 78' lang='lat' dir='ltr'>prisci</span> <span class='ocrx_word' id='word_1_11' title='bbox 1018 348 1128 413; x_wconf 77' lang='lat' dir='ltr'>Latini</span> <span class='ocrx_word' id='word_1_12' title='bbox 1137 351 1238 415; x_wconf 74' lang='lat' dir='ltr'>Satist</span> <span class='ocrx_word' id='word_1_13' title='bbox 1249 354 1303 415; x_wconf 90' lang='lat' dir='ltr'>ha·</span> 
     </span>
     <span class='ocr_line' id='line_1_3' title="bbox 94 434 1304 521; baseline -0.002 -20"><span class='ocrx_word' id='word_1_14' title='bbox 94 442 155 501; x_wconf 86' lang='lat' dir='ltr'>beri</span> <span class='ocrx_word' id='word_1_15' title='bbox 172 454 289 521; x_wconf 89' lang='lat' dir='ltr'>poterat</span> <span class='ocrx_word' id='word_1_16' title='bbox 305 438 422 513; x_wconf 90' lang='lat' dir='ltr'>notitia,</span> <span class='ocrx_word' id='word_1_17' title='bbox 438 437 526 519; x_wconf 85' lang='lat' dir='ltr'>quale</span> <span class='ocrx_word' id='word_1_18' title='bbox 539 437 651 499; x_wconf 86' lang='lat' dir='ltr'>scilicet</span> <span class='ocrx_word' id='word_1_19' title='bbox 664 438 774 499; x_wconf 82' lang='lat' dir='ltr'>laceret</span> <span class='ocrx_word' id='word_1_20' title='bbox 788 457 920 511; x_wconf 86' lang='lat' dir='ltr'>carmen,</span> <span class='ocrx_word' id='word_1_21' title='bbox 935 436 1016 515; x_wconf 89' lang='lat' dir='ltr'>quod</span> <span class='ocrx_word' id='word_1_22' title='bbox 1032 435 1096 496; x_wconf 89' lang='lat' dir='ltr'>sola</span> <span class='ocrx_word' id='word_1_23' title='bbox 1108 434 1226 499; x_wconf 87' lang='lat' dir='ltr'>Natura</span> <span class='ocrx_word' id='word_1_24' title='bbox 1240 438 1304 499; x_wconf 90' lang='lat' dir='ltr'>dic·</span> 
     </span>
     <span class='ocr_line' id='line_1_4' title="bbox 95 518 1304 605; baseline -0.002 -20"><span class='ocrx_word' id='word_1_25' title='bbox 95 524 241 597; x_wconf 75' lang='lat' dir='ltr'>titan-rat,</span> <span class='ocrx_word' id='word_1_26' title='bbox 257 536 419 602; x_wconf 77' lang='lat' dir='ltr'>antequam</span> <span class='ocrx_word' id='word_1_27' title='bbox 441 522 549 605; x_wconf 78' lang='lat' dir='ltr'>injecta</span> <span class='ocrx_word' id='word_1_28' title='bbox 570 534 648 583; x_wconf 85' lang='lat' dir='ltr'>esset</span> <span class='ocrx_word' id='word_1_29' title='bbox 670 520 819 584; x_wconf 83' lang='lat' dir='ltr'>Romanis</span> <span class='ocrx_word' id='word_1_30' title='bbox 842 520 969 581; x_wconf 63' lang='lat' dir='ltr'>Grecos</span> <span class='ocrx_word' id='word_1_31' title='bbox 983 518 1129 594; x_wconf 90' lang='lat' dir='ltr'>imitandi,</span> <span class='ocrx_word' id='word_1_32' title='bbox 1144 540 1304 603; x_wconf 86' lang='lat' dir='ltr'>eorumque</span> 
     </span>
     <span class='ocr_line' id='line_1_5' title="bbox 94 602 1303 689; baseline 0.001 -22"><span class='ocrx_word' id='word_1_33' title='bbox 94 608 197 689; x_wconf 89' lang='lat' dir='ltr'>spoliis</span> <span class='ocrx_word' id='word_1_34' title='bbox 212 628 242 667; x_wconf 87' lang='lat' dir='ltr'>se</span> <span class='ocrx_word' id='word_1_35' title='bbox 256 606 468 688; x_wconf 90' lang='lat' dir='ltr'>locupletandi,</span> <span class='ocrx_word' id='word_1_36' title='bbox 482 606 639 688; x_wconf 75' lang='lat' dir='ltr'><strong>cogitatio.</strong></span> <span class='ocrx_word' id='word_1_37' title='bbox 683 604 733 667; x_wconf 82' lang='lat' dir='ltr'>Es</span> <span class='ocrx_word' id='word_1_38' title='bbox 747 607 855 687; x_wconf 83' lang='lat' dir='ltr'>quibus</span> <span class='ocrx_word' id='word_1_39' title='bbox 868 602 958 665; x_wconf 72' lang='lat' dir='ltr'>sacili</span> <span class='ocrx_word' id='word_1_40' title='bbox 972 602 1099 683; x_wconf 76' lang='lat' dir='ltr'>intelligi</span> <span class='ocrx_word' id='word_1_41' title='bbox 1113 616 1209 683; x_wconf 86' lang='lat' dir='ltr'>potest</span> <span class='ocrx_word' id='word_1_42' title='bbox 1240 606 1303 667; x_wconf 75' lang='lat' dir='ltr'>‚tud</span> 
     </span>
     <span class='ocr_line' id='line_1_6' title="bbox 95 688 574 765; baseline -0.008 -12"><span class='ocrx_word' id='word_1_43' title='bbox 95 690 228 765; x_wconf 87' lang='lat' dir='ltr'>lloratii,</span> <span class='ocrx_word' id='word_1_44' title='bbox 244 688 309 751; x_wconf 86' lang='lat' dir='ltr'>Sat.</span> <span class='ocrx_word' id='word_1_45' title='bbox 327 696 353 751; x_wconf 91' lang='lat'>1.</span> <span class='ocrx_word' id='word_1_46' title='bbox 369 690 419 753; x_wconf 87' lang='lat' dir='ltr'>lib.</span> <span class='ocrx_word' id='word_1_47' title='bbox 434 690 465 751; x_wconf 90' lang='lat' dir='ltr'>ii.</span> <span class='ocrx_word' id='word_1_48' title='bbox 478 712 506 753; x_wconf 82' lang='lat' dir='ltr'>v.</span> <span class='ocrx_word' id='word_1_49' title='bbox 521 694 574 751; x_wconf 79' lang='grc'>62.</span> 
     </span>
    </p>
   </div>
   <div class='ocr_carea' id='block_1_3' title="bbox 259 812 1123 979">
    <p class='ocr_par' dir='ltr' id='par_1_3' title="bbox 259 812 1123 979">
     <span class='ocr_line' id='line_1_7' title="bbox 544 812 1123 897; baseline -0.002 -23"><span class='ocrx_word' id='word_1_50' title='bbox 544 812 736 897; x_wconf 66' lang='lat' dir='ltr'>-Quidl</span> <span class='ocrx_word' id='word_1_51' title='bbox 758 812 820 873; x_wconf 76' lang='lat' dir='ltr'>cta</span> <span class='ocrx_word' id='word_1_52' title='bbox 834 824 874 873; x_wconf 83' lang='lat' dir='ltr'>est</span> <span class='ocrx_word' id='word_1_53' title='bbox 888 812 1022 875; x_wconf 73' lang='lat' dir='ltr'>Iaculiur</span> <span class='ocrx_word' id='word_1_54' title='bbox 1036 834 1123 875; x_wconf 76' lang='lat' dir='ltr'>austu</span> 
     </span>
     <span class='ocr_line' id='line_1_8' title="bbox 259 896 1093 979; baseline -0.004 -17"><span class='ocrx_word' id='word_1_55' title='bbox 259 898 378 962; x_wconf 70' lang='lat' dir='ltr'>Primam</span> <span class='ocrx_word' id='word_1_56' title='bbox 391 901 424 961; x_wconf 85' lang='lat' dir='ltr'>ia</span> <span class='ocrx_word' id='word_1_57' title='bbox 438 900 514 961; x_wconf 76' lang='lat' dir='ltr'>huuc</span> <span class='ocrx_word' id='word_1_58' title='bbox 529 896 625 979; x_wconf 77' lang='lat' dir='ltr'>operia</span> <span class='ocrx_word' id='word_1_59' title='bbox 639 914 807 979; x_wconf 69' lang='lat' dir='ltr'>conmanere</span> <span class='ocrx_word' id='word_1_60' title='bbox 820 896 947 957; x_wconf 84' lang='lat' dir='ltr'>carmi-ua</span> <span class='ocrx_word' id='word_1_61' title='bbox 961 920 1065 959; x_wconf 84' lang='lat' dir='ltr'>rnorem</span> <span class='ocrx_word' id='word_1_62' title='bbox 1075 898 1093 959; x_wconf 62' lang='grc' dir='ltr'>ἴ)</span> 
     </span>
    </p>
   </div>
   <div class='ocr_carea' id='block_1_4' title="bbox 10 1018 1382 4519">
    <p class='ocr_par' dir='ltr' id='par_1_4' title="bbox 10 1018 1382 4519">
     <span class='ocr_line' id='line_1_9' title="bbox 95 1018 1306 1109; baseline -0.002 -20"><span class='ocrx_word' id='word_1_63' title='bbox 95 1026 170 1089; x_wconf 88' lang='lat' dir='ltr'>Noli</span> <span class='ocrx_word' id='word_1_64' title='bbox 185 1040 288 1109; x_wconf 87' lang='lat' dir='ltr'>putare</span> <span class='ocrx_word' id='word_1_65' title='bbox 301 1026 466 1089; x_wconf 73' lang='lat' dir='ltr'>Horatium</span> <span class='ocrx_word' id='word_1_66' title='bbox 481 1022 611 1083; x_wconf 80' lang='lat' dir='ltr'>soluisse</span> <span class='ocrx_word' id='word_1_67' title='bbox 625 1020 734 1095; x_wconf 83' lang='lat' dir='ltr'>dicere,</span> <span class='ocrx_word' id='word_1_68' title='bbox 749 1018 845 1081; x_wconf 88' lang='lat' dir='ltr'>nullas</span> <span class='ocrx_word' id='word_1_69' title='bbox 860 1032 928 1080; x_wconf 90' lang='lat' dir='ltr'>aute</span> <span class='ocrx_word' id='word_1_70' title='bbox 942 1018 1091 1083; x_wconf 85' lang='lat' dir='ltr'>Lucilium</span> <span class='ocrx_word' id='word_1_71' title='bbox 1107 1022 1224 1084; x_wconf 87' lang='lat' dir='ltr'>Satiras</span> <span class='ocrx_word' id='word_1_72' title='bbox 1246 1022 1306 1087; x_wconf 82' lang='lat' dir='ltr'>luc·</span> 
     </span>
     <span class='ocr_line' id='line_1_10' title="bbox 96 1102 1308 1188; baseline -0.002 -17"><span class='ocrx_word' id='word_1_73' title='bbox 96 1128 160 1171; x_wconf 88' lang='lat' dir='ltr'>tas:</span> <span class='ocrx_word' id='word_1_74' title='bbox 183 1110 250 1173; x_wconf 85' lang='lat' dir='ltr'>cirm</span> <span class='ocrx_word' id='word_1_75' title='bbox 278 1110 433 1173; x_wconf 90' lang='lat' dir='ltr'>Lucilium</span> <span class='ocrx_word' id='word_1_76' title='bbox 457 1104 665 1188; x_wconf 75' lang='lat' dir='ltr'>prcecosserint</span> <span class='ocrx_word' id='word_1_77' title='bbox 686 1102 802 1164; x_wconf 84' lang='lat' dir='ltr'>Ennius</span> <span class='ocrx_word' id='word_1_78' title='bbox 816 1118 846 1165; x_wconf 87' lang='lat' dir='ltr'>et</span> <span class='ocrx_word' id='word_1_79' title='bbox 859 1102 1022 1179; x_wconf 82' lang='lat' dir='ltr'>Pacuvius,</span> <span class='ocrx_word' id='word_1_80' title='bbox 1050 1128 1176 1187; x_wconf 90' lang='lat' dir='ltr'>quorum</span> <span class='ocrx_word' id='word_1_81' title='bbox 1192 1106 1241 1167; x_wconf 90' lang='lat' dir='ltr'>ille</span> <span class='ocrx_word' id='word_1_82' title='bbox 1255 1125 1308 1169; x_wconf 81' lang='lat' dir='ltr'>cx·</span> 
     </span>
     <span class='ocr_line' id='line_1_11' title="bbox 96 1186 1308 1276; baseline 0 -23"><span class='ocrx_word' id='word_1_83' title='bbox 96 1194 225 1276; x_wconf 85' lang='lat' dir='ltr'>emplum</span> <span class='ocrx_word' id='word_1_84' title='bbox 240 1208 359 1257; x_wconf 85' lang='lat' dir='ltr'>secutus</span> <span class='ocrx_word' id='word_1_85' title='bbox 372 1205 427 1253; x_wconf 88' lang='lat' dir='ltr'>est.</span> <span class='ocrx_word' id='word_1_86' title='bbox 471 1188 508 1249; x_wconf 96' lang='lat' dir='ltr'>ld</span> <span class='ocrx_word' id='word_1_87' title='bbox 522 1188 619 1249; x_wconf 89' lang='lat' dir='ltr'>solum</span> <span class='ocrx_word' id='word_1_88' title='bbox 633 1186 737 1263; x_wconf 81' lang='lat' dir='ltr'>soluit,</span> <span class='ocrx_word' id='word_1_89' title='bbox 751 1186 900 1249; x_wconf 88' lang='lat' dir='ltr'>Lucilium</span> <span class='ocrx_word' id='word_1_90' title='bbox 916 1208 1026 1248; x_wconf 85' lang='lat' dir='ltr'>noram</span> <span class='ocrx_word' id='word_1_91' title='bbox 1041 1188 1146 1249; x_wconf 79' lang='lat' dir='ltr'>faciem</span> <span class='ocrx_word' id='word_1_92' title='bbox 1162 1192 1230 1251; x_wconf 91' lang='lat' dir='ltr'>huic</span> <span class='ocrx_word' id='word_1_93' title='bbox 1242 1213 1308 1253; x_wconf 88' lang='lat' dir='ltr'>car·</span> 
     </span>
     <span class='ocr_line' id='line_1_12' title="bbox 97 1271 1308 1357; baseline -0.002 -18"><span class='ocrx_word' id='word_1_94' title='bbox 97 1278 170 1339; x_wconf 88' lang='lat' dir='ltr'>ruini</span> <span class='ocrx_word' id='word_1_95' title='bbox 182 1278 321 1353; x_wconf 82' lang='lat' dir='ltr'>induisse,</span> <span class='ocrx_word' id='word_1_96' title='bbox 334 1274 416 1357; x_wconf 85' lang='lat' dir='ltr'>quod</span> <span class='ocrx_word' id='word_1_97' title='bbox 429 1271 631 1355; x_wconf 85' lang='lat' dir='ltr'>perpolirerit,</span> <span class='ocrx_word' id='word_1_98' title='bbox 643 1284 672 1331; x_wconf 88' lang='lat' dir='ltr'>ot</span> <span class='ocrx_word' id='word_1_99' title='bbox 683 1286 838 1355; x_wconf 88' lang='lat' dir='ltr'>propterca</span> <span class='ocrx_word' id='word_1_100' title='bbox 850 1294 905 1355; x_wconf 88' lang='lat' dir='ltr'>pro</span> <span class='ocrx_word' id='word_1_101' title='bbox 916 1272 1014 1355; x_wconf 82' lang='lat' dir='ltr'>prinu)</span> <span class='ocrx_word' id='word_1_102' title='bbox 1026 1272 1110 1353; x_wconf 87' lang='lat' dir='ltr'>qnasi</span> <span class='ocrx_word' id='word_1_103' title='bbox 1123 1288 1243 1336; x_wconf 87' lang='lat' dir='ltr'>auctore</span> <span class='ocrx_word' id='word_1_104' title='bbox 1254 1276 1308 1337; x_wconf 90' lang='lat' dir='ltr'>ba·</span> 
     </span>
     <span class='ocr_line' id='line_1_13' title="bbox 97 1354 1309 1440; baseline -0.001 -17"><span class='ocrx_word' id='word_1_105' title='bbox 97 1362 238 1423; x_wconf 84' lang='lat' dir='ltr'>bendum.</span> <span class='ocrx_word' id='word_1_106' title='bbox 281 1360 320 1421; x_wconf 94' lang='lat' dir='ltr'>ln</span> <span class='ocrx_word' id='word_1_107' title='bbox 342 1358 449 1419; x_wconf 73' lang='lat' dir='ltr'>eadem</span> <span class='ocrx_word' id='word_1_108' title='bbox 463 1356 518 1417; x_wconf 88' lang='lat' dir='ltr'>t&#39;uit</span> <span class='ocrx_word' id='word_1_109' title='bbox 540 1354 685 1417; x_wconf 70' lang='lat' dir='ltr'>sententiis</span> <span class='ocrx_word' id='word_1_110' title='bbox 698 1356 910 1437; x_wconf 78' lang='lat' dir='ltr'>Quintilianus,</span> <span class='ocrx_word' id='word_1_111' title='bbox 925 1356 976 1417; x_wconf 86' lang='lat' dir='ltr'>lib.</span> <span class='ocrx_word' id='word_1_112' title='bbox 1003 1378 1033 1417; x_wconf 82' lang='lat' dir='ltr'>s.</span> <span class='ocrx_word' id='word_1_113' title='bbox 1049 1378 1117 1440; x_wconf 86' lang='lat' dir='ltr'>cap.</span> <span class='ocrx_word' id='word_1_114' title='bbox 1135 1363 1161 1418; x_wconf 94' lang='lat' dir='ltr'>l.</span> <span class='ocrx_word' id='word_1_115' title='bbox 1205 1358 1309 1423; x_wconf 80' lang='lat' dir='ltr'>Satira</span> 
     </span>
     <span class='ocr_line' id='line_1_14' title="bbox 96 1438 1307 1529; baseline -0.001 -23"><span class='ocrx_word' id='word_1_116' title='bbox 96 1444 212 1529; x_wconf 83' lang='lat' dir='ltr'>quidem</span> <span class='ocrx_word' id='word_1_117' title='bbox 222 1456 281 1509; x_wconf 88' lang='lat' dir='ltr'>tota</span> <span class='ocrx_word' id='word_1_118' title='bbox 293 1450 391 1504; x_wconf 75' lang='lat' dir='ltr'>trustra</span> <span class='ocrx_word' id='word_1_119' title='bbox 404 1450 453 1515; x_wconf 80' lang='lat' dir='ltr'>cst,</span> <span class='ocrx_word' id='word_1_120' title='bbox 466 1439 496 1501; x_wconf 81' lang='lat' dir='ltr'>iu</span> <span class='ocrx_word' id='word_1_121' title='bbox 507 1440 565 1523; x_wconf 79' lang='lat' dir='ltr'>qud</span> <span class='ocrx_word' id='word_1_122' title='bbox 575 1438 690 1521; x_wconf 78' lang='lat' dir='ltr'>primur</span> <span class='ocrx_word' id='word_1_123' title='bbox 700 1438 840 1523; x_wconf 65' lang='lat' dir='ltr'>irrigarat</span> <span class='ocrx_word' id='word_1_124' title='bbox 854 1440 966 1503; x_wconf 83' lang='lat' dir='ltr'>laudem</span> <span class='ocrx_word' id='word_1_125' title='bbox 980 1440 1100 1524; x_wconf 76' lang='lat' dir='ltr'>adeptus</span> <span class='ocrx_word' id='word_1_126' title='bbox 1112 1454 1153 1503; x_wconf 88' lang='lat' dir='ltr'>est</span> <span class='ocrx_word' id='word_1_127' title='bbox 1163 1440 1307 1505; x_wconf 69' lang='lat' dir='ltr'>Iaculi-ur.</span> 
     </span>
     <span class='ocr_line' id='line_1_15' title="bbox 97 1520 1308 1611; baseline 0 -20"><span class='ocrx_word' id='word_1_128' title='bbox 97 1533 185 1591; x_wconf 74' lang='lat' dir='ltr'>Care</span> <span class='ocrx_word' id='word_1_129' title='bbox 200 1528 248 1589; x_wconf 89' lang='lat' dir='ltr'>bic</span> <span class='ocrx_word' id='word_1_130' title='bbox 261 1526 388 1611; x_wconf 88' lang='lat' dir='ltr'>pedibus</span> <span class='ocrx_word' id='word_1_131' title='bbox 402 1524 433 1585; x_wconf 92' lang='lat' dir='ltr'>in</span> <span class='ocrx_word' id='word_1_132' title='bbox 449 1522 622 1585; x_wconf 88' lang='lat' dir='ltr'>Casauboni</span> <span class='ocrx_word' id='word_1_133' title='bbox 638 1520 887 1601; x_wconf 74' lang='lat' dir='ltr'>renuntiantem,</span> <span class='ocrx_word' id='word_1_134' title='bbox 902 1526 953 1607; x_wconf 88' lang='lat' dir='ltr'>qui</span> <span class='ocrx_word' id='word_1_135' title='bbox 967 1524 1123 1587; x_wconf 89' lang='lat' dir='ltr'>Diomedis</span> <span class='ocrx_word' id='word_1_136' title='bbox 1138 1526 1197 1587; x_wconf 86' lang='lat' dir='ltr'>tide</span> <span class='ocrx_word' id='word_1_137' title='bbox 1208 1528 1308 1605; x_wconf 79' lang='lat' dir='ltr'>fretus,</span> 
     </span>
     <span class='ocr_line' id='line_1_16' title="bbox 95 1607 1308 1691; baseline -0.001 -17"><span class='ocrx_word' id='word_1_138' title='bbox 95 1614 190 1675; x_wconf 85' lang='lat' dir='ltr'>Ennii</span> <span class='ocrx_word' id='word_1_139' title='bbox 205 1626 233 1673; x_wconf 92' lang='lat' dir='ltr'>ct</span> <span class='ocrx_word' id='word_1_140' title='bbox 245 1610 356 1673; x_wconf 81' lang='lat' dir='ltr'>Lucilii</span> <span class='ocrx_word' id='word_1_141' title='bbox 370 1607 484 1671; x_wconf 75' lang='lat' dir='ltr'>Salluis</span> <span class='ocrx_word' id='word_1_142' title='bbox 500 1622 561 1669; x_wconf 88' lang='lat' dir='ltr'>toto</span> <span class='ocrx_word' id='word_1_143' title='bbox 575 1628 685 1689; x_wconf 80' lang='lat' dir='ltr'>genere</span> <span class='ocrx_word' id='word_1_144' title='bbox 699 1608 852 1671; x_wconf 77' lang='lat' dir='ltr'>dissentire</span> <span class='ocrx_word' id='word_1_145' title='bbox 866 1610 1000 1671; x_wconf 89' lang='lat' dir='ltr'>credidit.</span> <span class='ocrx_word' id='word_1_146' title='bbox 1023 1608 1103 1669; x_wconf 85' lang='lat' dir='ltr'>Vide</span> <span class='ocrx_word' id='word_1_147' title='bbox 1115 1610 1184 1691; x_wconf 86' lang='lat' dir='ltr'>ipsa</span> <span class='ocrx_word' id='word_1_148' title='bbox 1199 1611 1308 1675; x_wconf 83' lang='lat' dir='ltr'>Gratu-</span> 
     </span>
     <span class='ocr_line' id='line_1_17' title="bbox 98 1692 1308 1775; baseline -0.002 -18"><span class='ocrx_word' id='word_1_149' title='bbox 98 1697 209 1759; x_wconf 88' lang='lat' dir='ltr'>matiea</span> <span class='ocrx_word' id='word_1_150' title='bbox 223 1696 323 1769; x_wconf 83' lang='lat' dir='ltr'>rerba,</span> <span class='ocrx_word' id='word_1_151' title='bbox 334 1713 403 1775; x_wconf 83' lang='lat' dir='ltr'>quae</span> <span class='ocrx_word' id='word_1_152' title='bbox 415 1692 529 1755; x_wconf 82' lang='lat' dir='ltr'>subacti</span> <span class='ocrx_word' id='word_1_153' title='bbox 537 1692 647 1773; x_wconf 86' lang='lat' dir='ltr'>judicii</span> <span class='ocrx_word' id='word_1_154' title='bbox 663 1692 811 1754; x_wconf 80' lang='lat' dir='ltr'>Critieum</span> <span class='ocrx_word' id='word_1_155' title='bbox 825 1694 856 1755; x_wconf 92' lang='lat' dir='ltr'>in</span> <span class='ocrx_word' id='word_1_156' title='bbox 867 1714 997 1755; x_wconf 88' lang='lat' dir='ltr'>errorem</span> <span class='ocrx_word' id='word_1_157' title='bbox 1010 1692 1201 1755; x_wconf 85' lang='lat' dir='ltr'>induxerunt.</span> <span class='ocrx_word' id='word_1_158' title='bbox 1226 1694 1308 1757; x_wconf 83' lang='lat' dir='ltr'>Sati·</span> 
     </span>
     <span class='ocr_line' id='line_1_18' title="bbox 98 1774 1382 1859; baseline 0.001 -20"><span class='ocrx_word' id='word_1_159' title='bbox 98 1802 133 1841; x_wconf 85' lang='lat' dir='ltr'>ra</span> <span class='ocrx_word' id='word_1_160' title='bbox 153 1790 194 1841; x_wconf 86' lang='lat' dir='ltr'>ert</span> <span class='ocrx_word' id='word_1_161' title='bbox 215 1798 329 1841; x_wconf 81' lang='lat' dir='ltr'>carmen</span> <span class='ocrx_word' id='word_1_162' title='bbox 351 1776 434 1859; x_wconf 84' lang='lat' dir='ltr'>apud</span> <span class='ocrx_word' id='word_1_163' title='bbox 454 1776 617 1851; x_wconf 78' lang='lat' dir='ltr'>Horreum,</span> <span class='ocrx_word' id='word_1_164' title='bbox 633 1798 689 1837; x_wconf 89' lang='lat' dir='ltr'>aaa</span> <span class='ocrx_word' id='word_1_165' title='bbox 713 1776 828 1859; x_wconf 81' lang='lat' dir='ltr'>quidem</span> <span class='ocrx_word' id='word_1_166' title='bbox 889 1776 930 1837; x_wconf 87' lang='lat' dir='ltr'>ud</span> <span class='ocrx_word' id='word_1_167' title='bbox 948 1774 1308 1851; x_wconf 75' lang='lat' dir='ltr'>(tracas,aa1aticam‚a</span> <span class='ocrx_word' id='word_1_168' title='bbox 1378 1793 1382 1799; x_wconf 84' lang='lat'>&#39;</span> 
     </span>
     <span class='ocr_line' id='line_1_19' title="bbox 95 1800 1308 1945; baseline -0.002 -23"><span class='ocrx_word' id='word_1_169' title='bbox 95 1864 138 1923; x_wconf 81' lang='lat' dir='ltr'>ad</span> <span class='ocrx_word' id='word_1_170' title='bbox 153 1860 301 1945; x_wconf 83' lang='lat' dir='ltr'>carpenda</span> <span class='ocrx_word' id='word_1_171' title='bbox 321 1858 466 1921; x_wconf 80' lang='lat' dir='ltr'>domiuum</span> <span class='ocrx_word' id='word_1_172' title='bbox 489 1858 571 1929; x_wconf 83' lang='lat' dir='ltr'>uitia,</span> <span class='ocrx_word' id='word_1_173' title='bbox 593 1858 725 1921; x_wconf 69' lang='lat' dir='ltr'>urenae</span> <span class='ocrx_word' id='word_1_174' title='bbox 752 1800 907 1922; x_wconf 53' lang='lat' dir='ltr'>Concordia</span> <span class='ocrx_word' id='word_1_175' title='bbox 930 1858 1092 1920; x_wconf 80' lang='lat' dir='ltr'>clraractrrc</span> <span class='ocrx_word' id='word_1_176' title='bbox 1114 1859 1308 1942; x_wconf 78' lang='lat' dir='ltr'>compositum,</span> 
     </span>
     <span class='ocr_line' id='line_1_20' title="bbox 94 1938 1297 2029; baseline -0.001 -23"><span class='ocrx_word' id='word_1_177' title='bbox 94 1944 180 2029; x_wconf 83' lang='lat' dir='ltr'>quale</span> <span class='ocrx_word' id='word_1_178' title='bbox 202 1944 381 2027; x_wconf 75' lang='lat' dir='ltr'>scripserunt</span> <span class='ocrx_word' id='word_1_179' title='bbox 404 1941 549 2017; x_wconf 78' lang='lat' dir='ltr'>Lucilius,</span> <span class='ocrx_word' id='word_1_180' title='bbox 564 1952 591 2001; x_wconf 86' lang='lat' dir='ltr'>ct</span> <span class='ocrx_word' id='word_1_181' title='bbox 613 1938 771 2015; x_wconf 76' lang='lat' dir='ltr'>Horatius,</span> <span class='ocrx_word' id='word_1_182' title='bbox 786 1952 813 2002; x_wconf 87' lang='lat' dir='ltr'>at</span> <span class='ocrx_word' id='word_1_183' title='bbox 834 1942 966 2011; x_wconf 74' lang='lat' dir='ltr'>Persius.</span> <span class='ocrx_word' id='word_1_184' title='bbox 1012 1940 1072 2003; x_wconf 87' lang='lat' dir='ltr'>Sed</span> <span class='ocrx_word' id='word_1_185' title='bbox 1092 1938 1160 2001; x_wconf 81' lang='lat' dir='ltr'>olim</span> <span class='ocrx_word' id='word_1_186' title='bbox 1173 1964 1297 2021; x_wconf 81' lang='lat' dir='ltr'>carruca,</span> 
     </span>
     <span class='ocr_line' id='line_1_21' title="bbox 114 2022 1309 2108; baseline 0 -19"><span class='ocrx_word' id='word_1_187' title='bbox 114 2028 173 2089; x_wconf 89' lang='lat' dir='ltr'>uod</span> <span class='ocrx_word' id='word_1_188' title='bbox 192 2050 227 2089; x_wconf 84' lang='lat' dir='ltr'>oe</span> <span class='ocrx_word' id='word_1_189' title='bbox 251 2026 341 2089; x_wconf 84' lang='lat' dir='ltr'>euriir</span> <span class='ocrx_word' id='word_1_190' title='bbox 361 2024 544 2108; x_wconf 79' lang='lat' dir='ltr'>pobautibus</span> <span class='ocrx_word' id='word_1_191' title='bbox 567 2022 724 2099; x_wconf 78' lang='lat' dir='ltr'>coartabat,</span> <span class='ocrx_word' id='word_1_192' title='bbox 741 2022 843 2085; x_wconf 84' lang='lat' dir='ltr'>Sotira</span> <span class='ocrx_word' id='word_1_193' title='bbox 861 2022 1022 2099; x_wconf 73' lang='lat' dir='ltr'>dicebatur,</span> <span class='ocrx_word' id='word_1_194' title='bbox 1036 2022 1122 2105; x_wconf 79' lang='lat' dir='ltr'>qurde</span> <span class='ocrx_word' id='word_1_195' title='bbox 1134 2026 1194 2085; x_wconf 80' lang='lat' dir='ltr'>acri</span> <span class='ocrx_word' id='word_1_196' title='bbox 1211 2038 1309 2089; x_wconf 83' lang='lat' dir='ltr'>seruat</span> 
     </span>
     <span class='ocr_line' id='line_1_22' title="bbox 92 2048 1307 2189; baseline -0.003 -15"><span class='ocrx_word' id='word_1_197' title='bbox 92 2050 243 2173; x_wconf 77' lang='lat' dir='ltr'>i&#39;urrcriur</span> <span class='ocrx_word' id='word_1_198' title='bbox 266 2120 293 2171; x_wconf 85' lang='lat' dir='ltr'>et</span> <span class='ocrx_word' id='word_1_199' title='bbox 315 2108 445 2171; x_wconf 77' lang='lat' dir='ltr'>Ertuiur.</span> <span class='ocrx_word' id='word_1_200' title='bbox 487 2108 625 2189; x_wconf 78' lang='lat' dir='ltr'>Apparet</span> <span class='ocrx_word' id='word_1_201' title='bbox 648 2106 828 2167; x_wconf 86' lang='lat' dir='ltr'>Diomedem</span> <span class='ocrx_word' id='word_1_202' title='bbox 843 2102 1026 2187; x_wconf 74' lang='lat' dir='ltr'>distinguere</span> <span class='ocrx_word' id='word_1_203' title='bbox 1041 2108 1171 2167; x_wconf 70' lang='lat' dir='ltr'>satiram</span> <span class='ocrx_word' id='word_1_204' title='bbox 1186 2048 1307 2187; x_wconf 76' lang='lat' dir='ltr'>llueilii,</span> 
     </span>
     <span class='ocr_line' id='line_1_23' title="bbox 92 2188 1309 2277; baseline 0 -20"><span class='ocrx_word' id='word_1_205' title='bbox 92 2198 133 2257; x_wconf 92' lang='lat' dir='ltr'>ab</span> <span class='ocrx_word' id='word_1_206' title='bbox 148 2196 185 2255; x_wconf 74' lang='lat' dir='ltr'>ei</span> <span class='ocrx_word' id='word_1_207' title='bbox 198 2216 288 2277; x_wconf 84' lang='lat' dir='ltr'>quam</span> <span class='ocrx_word' id='word_1_208' title='bbox 304 2192 424 2274; x_wconf 77' lang='lat' dir='ltr'>scripsit</span> <span class='ocrx_word' id='word_1_209' title='bbox 437 2190 556 2263; x_wconf 76' lang='lat' dir='ltr'>Ennius</span> <span class='ocrx_word' id='word_1_210' title='bbox 567 2202 597 2251; x_wconf 89' lang='lat' dir='ltr'>et</span> <span class='ocrx_word' id='word_1_211' title='bbox 608 2188 770 2251; x_wconf 80' lang='lat' dir='ltr'>Pacuvius.</span> <span class='ocrx_word' id='word_1_212' title='bbox 793 2188 938 2253; x_wconf 88' lang='lat' dir='ltr'>Ridicula</span> <span class='ocrx_word' id='word_1_213' title='bbox 949 2204 1046 2269; x_wconf 72' lang='lat' dir='ltr'>autern</span> <span class='ocrx_word' id='word_1_214' title='bbox 1059 2204 1088 2253; x_wconf 89' lang='lat' dir='ltr'>et</span> <span class='ocrx_word' id='word_1_215' title='bbox 1099 2191 1221 2255; x_wconf 88' lang='lat' dir='ltr'>omniuo</span> <span class='ocrx_word' id='word_1_216' title='bbox 1232 2194 1309 2257; x_wconf 88' lang='lat' dir='ltr'>salsa</span> 
     </span>
     <span class='ocr_line' id='line_1_24' title="bbox 95 2272 1309 2358; baseline 0.002 -21"><span class='ocrx_word' id='word_1_217' title='bbox 95 2294 135 2339; x_wconf 76' lang='lat' dir='ltr'>est</span> <span class='ocrx_word' id='word_1_218' title='bbox 161 2280 247 2358; x_wconf 74' lang='lat' dir='ltr'>liujus</span> <span class='ocrx_word' id='word_1_219' title='bbox 271 2274 470 2339; x_wconf 82' lang='lat' dir='ltr'>distinctionis</span> <span class='ocrx_word' id='word_1_220' title='bbox 483 2296 530 2351; x_wconf 86' lang='lat' dir='ltr'>ea,</span> <span class='ocrx_word' id='word_1_221' title='bbox 545 2293 635 2353; x_wconf 65' lang='lat' dir='ltr'>cruam</span> <span class='ocrx_word' id='word_1_222' title='bbox 649 2274 757 2349; x_wconf 82' lang='lat' dir='ltr'>reddit,</span> <span class='ocrx_word' id='word_1_223' title='bbox 772 2272 859 2335; x_wconf 89' lang='lat' dir='ltr'>ratio.</span> <span class='ocrx_word' id='word_1_224' title='bbox 902 2273 932 2335; x_wconf 86' lang='lat' dir='ltr'>N</span> <span class='ocrx_word' id='word_1_225' title='bbox 934 2296 972 2335; x_wconf 88' lang='lat' dir='ltr'>ou</span> <span class='ocrx_word' id='word_1_226' title='bbox 984 2276 1054 2337; x_wconf 83' lang='lat' dir='ltr'>satis</span> <span class='ocrx_word' id='word_1_227' title='bbox 1080 2274 1309 2357; x_wconf 80' lang='lat' dir='ltr'>investigaverat</span> 
     </span>
     <span class='ocr_line' id='line_1_25' title="bbox 96 2356 1309 2443; baseline 0.002 -24"><span class='ocrx_word' id='word_1_228' title='bbox 96 2362 187 2423; x_wconf 87' lang='lat' dir='ltr'>bomo</span> <span class='ocrx_word' id='word_1_229' title='bbox 210 2358 339 2443; x_wconf 84' lang='lat' dir='ltr'>simplex</span> <span class='ocrx_word' id='word_1_230' title='bbox 357 2370 496 2421; x_wconf 77' lang='lat' dir='ltr'>iratorum</span> <span class='ocrx_word' id='word_1_231' title='bbox 509 2371 538 2419; x_wconf 88' lang='lat' dir='ltr'>et</span> <span class='ocrx_word' id='word_1_232' title='bbox 553 2356 699 2435; x_wconf 85' lang='lat' dir='ltr'>originem</span> <span class='ocrx_word' id='word_1_233' title='bbox 714 2358 867 2439; x_wconf 70' lang='lat' dir='ltr'>ludusque</span> <span class='ocrx_word' id='word_1_234' title='bbox 881 2356 1000 2435; x_wconf 75' lang='lat' dir='ltr'>Satirre,</span> <span class='ocrx_word' id='word_1_235' title='bbox 1016 2380 1084 2440; x_wconf 75' lang='lat' dir='ltr'>qua·</span> <span class='ocrx_word' id='word_1_236' title='bbox 1099 2360 1222 2420; x_wconf 89' lang='lat' dir='ltr'>omnino</span> <span class='ocrx_word' id='word_1_237' title='bbox 1236 2382 1309 2421; x_wconf 92' lang='lat' dir='ltr'>con-</span> 
     </span>
     <span class='ocr_line' id='line_1_26' title="bbox 99 2436 1310 2519; baseline 0.003 -20"><span class='ocrx_word' id='word_1_238' title='bbox 99 2443 257 2504; x_wconf 72' lang='lat' dir='ltr'>veniebant</span> <span class='ocrx_word' id='word_1_239' title='bbox 280 2456 343 2501; x_wconf 88' lang='lat' dir='ltr'>tarn</span> <span class='ocrx_word' id='word_1_240' title='bbox 365 2438 492 2503; x_wconf 75' lang='lat' dir='ltr'>aratorii</span> <span class='ocrx_word' id='word_1_241' title='bbox 513 2439 604 2519; x_wconf 73' lang='lat' dir='ltr'>quim</span> <span class='ocrx_word' id='word_1_242' title='bbox 627 2436 729 2503; x_wconf 81' lang='lat' dir='ltr'>sornrl.</span> <span class='ocrx_word' id='word_1_243' title='bbox 773 2439 853 2502; x_wconf 74' lang='lat' dir='ltr'>Nam</span> <span class='ocrx_word' id='word_1_244' title='bbox 878 2442 951 2502; x_wconf 91' lang='lat' dir='ltr'>nibil</span> <span class='ocrx_word' id='word_1_245' title='bbox 970 2462 1006 2503; x_wconf 90' lang='lat' dir='ltr'>eo</span> <span class='ocrx_word' id='word_1_246' title='bbox 1020 2440 1160 2503; x_wconf 86' lang='lat' dir='ltr'>attulerat</span> <span class='ocrx_word' id='word_1_247' title='bbox 1173 2440 1310 2503; x_wconf 87' lang='lat' dir='ltr'>Lucilius</span> 
     </span>
     <span class='ocr_line' id='line_1_27' title="bbox 101 2520 1310 2607; baseline 0.004 -26"><span class='ocrx_word' id='word_1_248' title='bbox 101 2540 207 2603; x_wconf 79' lang='lat' dir='ltr'>prater</span> <span class='ocrx_word' id='word_1_249' title='bbox 229 2524 335 2585; x_wconf 87' lang='lat' dir='ltr'>nitoris</span> <span class='ocrx_word' id='word_1_250' title='bbox 348 2538 377 2583; x_wconf 89' lang='lat' dir='ltr'>et</span> <span class='ocrx_word' id='word_1_251' title='bbox 391 2520 461 2583; x_wconf 87' lang='lat' dir='ltr'>salis</span> <span class='ocrx_word' id='word_1_252' title='bbox 481 2520 657 2601; x_wconf 78' lang='lat' dir='ltr'>plusculum,</span> <span class='ocrx_word' id='word_1_253' title='bbox 673 2522 829 2586; x_wconf 78' lang='lat' dir='ltr'>insomnii</span> <span class='ocrx_word' id='word_1_254' title='bbox 843 2524 886 2585; x_wconf 89' lang='lat' dir='ltr'>rei</span> <span class='ocrx_word' id='word_1_255' title='bbox 909 2524 991 2586; x_wconf 77' lang='lat' dir='ltr'>nullia</span> <span class='ocrx_word' id='word_1_256' title='bbox 1011 2525 1122 2607; x_wconf 89' lang='lat' dir='ltr'>insigni</span> <span class='ocrx_word' id='word_1_257' title='bbox 1143 2525 1310 2586; x_wconf 83' lang='lat' dir='ltr'>variatione</span> 
     </span>
     <span class='ocr_line' id='line_1_28' title="bbox 100 2604 1309 2692; baseline 0.003 -27"><span class='ocrx_word' id='word_1_258' title='bbox 100 2606 188 2667; x_wconf 72' lang='lat' dir='ltr'>tacti.</span> <span class='ocrx_word' id='word_1_259' title='bbox 232 2604 276 2665; x_wconf 86' lang='lat' dir='ltr'>Et</span> <span class='ocrx_word' id='word_1_260' title='bbox 298 2624 469 2685; x_wconf 85' lang='lat' dir='ltr'>quanquam</span> <span class='ocrx_word' id='word_1_261' title='bbox 489 2624 551 2663; x_wconf 93' lang='lat' dir='ltr'>non</span> <span class='ocrx_word' id='word_1_262' title='bbox 564 2606 758 2683; x_wconf 80' lang='lat' dir='ltr'>conjunxerat</span> <span class='ocrx_word' id='word_1_263' title='bbox 771 2609 858 2692; x_wconf 91' lang='lat' dir='ltr'>plura</span> <span class='ocrx_word' id='word_1_264' title='bbox 873 2629 1010 2669; x_wconf 77' lang='lat' dir='ltr'>versuum</span> <span class='ocrx_word' id='word_1_265' title='bbox 1026 2630 1137 2689; x_wconf 80' lang='lat' dir='ltr'>gructa</span> <span class='ocrx_word' id='word_1_266' title='bbox 1151 2608 1181 2667; x_wconf 92' lang='lat' dir='ltr'>in</span> <span class='ocrx_word' id='word_1_267' title='bbox 1204 2608 1309 2678; x_wconf 86' lang='lat' dir='ltr'>eodem</span> 
     </span>
     <span class='ocr_line' id='line_1_29' title="bbox 99 2686 1310 2772; baseline 0.005 -25"><span class='ocrx_word' id='word_1_268' title='bbox 99 2690 242 2763; x_wconf 76' lang='lat' dir='ltr'>camnine,</span> <span class='ocrx_word' id='word_1_269' title='bbox 258 2686 334 2747; x_wconf 90' lang='lat' dir='ltr'>sicut</span> <span class='ocrx_word' id='word_1_270' title='bbox 346 2686 483 2749; x_wconf 85' lang='lat' dir='ltr'>Ennius:</span> <span class='ocrx_word' id='word_1_271' title='bbox 497 2686 606 2749; x_wconf 86' lang='lat' dir='ltr'>t&#39;eccrat</span> <span class='ocrx_word' id='word_1_272' title='bbox 622 2701 719 2751; x_wconf 88' lang='lat' dir='ltr'>tarncu</span> <span class='ocrx_word' id='word_1_273' title='bbox 733 2692 848 2753; x_wconf 80' lang='lat' dir='ltr'>‹lisersa</span> <span class='ocrx_word' id='word_1_274' title='bbox 872 2692 1017 2765; x_wconf 86' lang='lat' dir='ltr'>carruiua,</span> <span class='ocrx_word' id='word_1_275' title='bbox 1032 2712 1156 2772; x_wconf 90' lang='lat' dir='ltr'>quorum</span> <span class='ocrx_word' id='word_1_276' title='bbox 1181 2691 1242 2753; x_wconf 89' lang='lat' dir='ltr'>alia</span> <span class='ocrx_word' id='word_1_277' title='bbox 1264 2693 1310 2753; x_wconf 93' lang='lat' dir='ltr'>in·</span> 
     </span>
     <span class='ocr_line' id='line_1_30' title="bbox 10 2768 1311 2851; baseline 0.005 -20"><span class='ocrx_word' id='word_1_278' title='bbox 10 2821 23 2837; x_wconf 83' lang='lat'><em>.</em></span> <span class='ocrx_word' id='word_1_279' title='bbox 101 2787 187 2851; x_wconf 86' lang='lat' dir='ltr'>tegra</span> <span class='ocrx_word' id='word_1_280' title='bbox 200 2770 343 2832; x_wconf 87' lang='lat' dir='ltr'>Versibus</span> <span class='ocrx_word' id='word_1_281' title='bbox 357 2768 558 2847; x_wconf 75' lang='lat' dir='ltr'>Hexruuetris,</span> <span class='ocrx_word' id='word_1_282' title='bbox 574 2772 635 2831; x_wconf 86' lang='lat' dir='ltr'>ulia</span> <span class='ocrx_word' id='word_1_283' title='bbox 649 2770 797 2851; x_wconf 85' lang='lat' dir='ltr'>iambicis,</span> <span class='ocrx_word' id='word_1_284' title='bbox 812 2776 872 2837; x_wconf 85' lang='lat' dir='ltr'>alia</span> <span class='ocrx_word' id='word_1_285' title='bbox 886 2774 1066 2835; x_wconf 87' lang='lat' dir='ltr'>&#39;l&#39;roclraicis</span> <span class='ocrx_word' id='word_1_286' title='bbox 1081 2778 1264 2851; x_wconf 84' lang='lat' dir='ltr'>constabant,</span> <span class='ocrx_word' id='word_1_287' title='bbox 1278 2792 1311 2837; x_wconf 91' lang='lat' dir='ltr'>ut</span> 
     </span>
     <span class='ocr_line' id='line_1_31' title="bbox 100 2852 1310 2937; baseline 0.006 -22"><span class='ocrx_word' id='word_1_288' title='bbox 100 2856 195 2935; x_wconf 76' lang='lat' dir='ltr'>liquet</span> <span class='ocrx_word' id='word_1_289' title='bbox 210 2876 248 2915; x_wconf 86' lang='lat' dir='ltr'>ex</span> <span class='ocrx_word' id='word_1_290' title='bbox 263 2853 355 2937; x_wconf 85' lang='lat' dir='ltr'>ipsius</span> <span class='ocrx_word' id='word_1_291' title='bbox 370 2852 553 2933; x_wconf 73' lang='lat' dir='ltr'>fragmentis.</span> <span class='ocrx_word' id='word_1_292' title='bbox 586 2854 630 2916; x_wconf 90' lang='lat' dir='ltr'>Ut</span> <span class='ocrx_word' id='word_1_293' title='bbox 645 2858 737 2917; x_wconf 77' lang='lat' dir='ltr'>serbo</span> <span class='ocrx_word' id='word_1_294' title='bbox 750 2860 857 2935; x_wconf 88' lang='lat' dir='ltr'>dicam,</span> <span class='ocrx_word' id='word_1_295' title='bbox 873 2860 897 2919; x_wconf 86' lang='lat' dir='ltr'>si</span> <span class='ocrx_word' id='word_1_296' title='bbox 911 2858 1079 2921; x_wconf 69' lang='lat' dir='ltr'>Lucilianae</span> <span class='ocrx_word' id='word_1_297' title='bbox 1092 2858 1201 2921; x_wconf 79' lang='lat' dir='ltr'>Satirre</span> <span class='ocrx_word' id='word_1_298' title='bbox 1212 2860 1310 2922; x_wconf 83' lang='lat' dir='ltr'>direr-</span> 
     </span>
     <span class='ocr_line' id='line_1_32' title="bbox 99 2936 1311 3025; baseline 0.004 -26"><span class='ocrx_word' id='word_1_299' title='bbox 99 2939 122 2999; x_wconf 57' lang='grc' dir='ltr'>,εἰ</span> <span class='ocrx_word' id='word_1_300' title='bbox 137 2938 258 3017; x_wconf 79' lang='lat' dir='ltr'>gutturis</span> <span class='ocrx_word' id='word_1_301' title='bbox 271 2938 309 2999; x_wconf 84' lang='lat' dir='ltr'>ab</span> <span class='ocrx_word' id='word_1_302' title='bbox 329 2936 480 3011; x_wconf 77' lang='lat' dir='ltr'>Enrriauis</span> <span class='ocrx_word' id='word_1_303' title='bbox 495 2938 564 2998; x_wconf 80' lang='lat' dir='ltr'>idco</span> <span class='ocrx_word' id='word_1_304' title='bbox 577 2939 736 3013; x_wconf 74' lang='lat' dir='ltr'>censendae</span> <span class='ocrx_word' id='word_1_305' title='bbox 747 2941 812 3019; x_wconf 86' lang='lat' dir='ltr'>sint,</span> <span class='ocrx_word' id='word_1_306' title='bbox 828 2944 908 3025; x_wconf 81' lang='lat' dir='ltr'>qrrbd</span> <span class='ocrx_word' id='word_1_307' title='bbox 925 2944 975 3003; x_wconf 88' lang='lat' dir='ltr'>ille</span> <span class='ocrx_word' id='word_1_308' title='bbox 990 2943 1068 3003; x_wconf 87' lang='lat' dir='ltr'>lumc</span> <span class='ocrx_word' id='word_1_309' title='bbox 1083 2944 1230 3005; x_wconf 88' lang='lat' dir='ltr'>scribendi</span> <span class='ocrx_word' id='word_1_310' title='bbox 1247 2959 1311 3005; x_wconf 83' lang='lat' dir='ltr'>arte</span> 
     </span>
     <span class='ocr_line' id='line_1_33' title="bbox 97 3011 1310 3109; baseline 0.005 -26"><span class='ocrx_word' id='word_1_311' title='bbox 97 3022 190 3097; x_wconf 76' lang='lat' dir='ltr'>longi·</span> <span class='ocrx_word' id='word_1_312' title='bbox 205 3021 455 3105; x_wconf 78' lang='lat' dir='ltr'>superas&#39;urit,&#39;&#39;rtti</span> <span class='ocrx_word' id='word_1_313' title='bbox 465 3020 565 3084; x_wconf 74' lang='lat' dir='ltr'>&#39;uoluit</span> <span class='ocrx_word' id='word_1_314' title='bbox 577 3011 785 3101; x_wconf 56' lang='lat' dir='ltr'>(fasairbonus</span> <span class='ocrx_word' id='word_1_315' title='bbox 797 3048 981 3107; x_wconf 69' lang='lat' dir='ltr'>cause-quens</span> <span class='ocrx_word' id='word_1_316' title='bbox 993 3028 1048 3087; x_wconf 82' lang='lat' dir='ltr'>crit</span> <span class='ocrx_word' id='word_1_317' title='bbox 1061 3025 1179 3088; x_wconf 85' lang='lat' dir='ltr'>Horatii</span> <span class='ocrx_word' id='word_1_318' title='bbox 1191 3049 1310 3109; x_wconf 88' lang='lat' dir='ltr'>qunque</span> 
     </span>
     <span class='ocr_line' id='line_1_34' title="bbox 96 3100 1310 3190; baseline 0.004 -25"><span class='ocrx_word' id='word_1_319' title='bbox 96 3105 213 3169; x_wconf 79' lang='lat' dir='ltr'>Satiras</span> <span class='ocrx_word' id='word_1_320' title='bbox 236 3100 435 3169; x_wconf 86' lang='lat' dir='ltr'>tiLucilianis</span> <span class='ocrx_word' id='word_1_321' title='bbox 450 3101 558 3167; x_wconf 77' lang='lat' dir='ltr'>diversi</span> <span class='ocrx_word' id='word_1_322' title='bbox 574 3127 696 3189; x_wconf 90' lang='lat' dir='ltr'>prorsus</span> <span class='ocrx_word' id='word_1_323' title='bbox 711 3107 798 3169; x_wconf 79' lang='lat' dir='ltr'>l&#39;uissc</span> <span class='ocrx_word' id='word_1_324' title='bbox 813 3112 940 3187; x_wconf 78' lang='lat' dir='ltr'>geru-ris,</span> <span class='ocrx_word' id='word_1_325' title='bbox 955 3109 1197 3190; x_wconf 86' lang='lat' dir='ltr'>quandoquidem</span> <span class='ocrx_word' id='word_1_326' title='bbox 1210 3109 1310 3171; x_wconf 85' lang='lat' dir='ltr'>llora-</span> 
     </span>
     <span class='ocr_line' id='line_1_35' title="bbox 97 3190 1312 3273; baseline 0.006 -27"><span class='ocrx_word' id='word_1_327' title='bbox 97 3192 151 3249; x_wconf 87' lang='lat' dir='ltr'>tius</span> <span class='ocrx_word' id='word_1_328' title='bbox 167 3213 227 3253; x_wconf 91' lang='lat' dir='ltr'>non</span> <span class='ocrx_word' id='word_1_329' title='bbox 244 3190 342 3251; x_wconf 89' lang='lat' dir='ltr'>minus</span> <span class='ocrx_word' id='word_1_330' title='bbox 354 3191 455 3251; x_wconf 81' lang='lat' dir='ltr'>erexit</span> <span class='ocrx_word' id='word_1_331' title='bbox 468 3190 585 3251; x_wconf 86' lang='lat' dir='ltr'>Satiras</span> <span class='ocrx_word' id='word_1_332' title='bbox 600 3212 668 3251; x_wconf 67' lang='lat' dir='ltr'>suus¹</span> <span class='ocrx_word' id='word_1_333' title='bbox 683 3212 773 3273; x_wconf 90' lang='lat' dir='ltr'>supra</span> <span class='ocrx_word' id='word_1_334' title='bbox 795 3192 944 3255; x_wconf 65' lang='lat' dir='ltr'>lrrrciliurn</span> <span class='ocrx_word' id='word_1_335' title='bbox 961 3190 1050 3271; x_wconf 65' lang='lat' dir='ltr'>(roim</span> <span class='ocrx_word' id='word_1_336' title='bbox 1066 3191 1115 3251; x_wconf 92' lang='lat' dir='ltr'>ille</span> <span class='ocrx_word' id='word_1_337' title='bbox 1130 3212 1197 3251; x_wconf 88' lang='lat' dir='ltr'>suas</span> <span class='ocrx_word' id='word_1_338' title='bbox 1221 3213 1312 3272; x_wconf 86' lang='lat' dir='ltr'>supra</span> 
     </span>
     <span class='ocr_line' id='line_1_36' title="bbox 104 3270 1311 3359; baseline 0.006 -33"><span class='ocrx_word' id='word_1_339' title='bbox 104 3270 229 3345; x_wconf 72' lang='lat' dir='ltr'>elsatam</span> <span class='ocrx_word' id='word_1_340' title='bbox 244 3288 274 3333; x_wconf 83' lang='lat' dir='ltr'>et</span> <span class='ocrx_word' id='word_1_341' title='bbox 289 3272 457 3334; x_wconf 79' lang='lat' dir='ltr'>Pacuvium</span> <span class='ocrx_word' id='word_1_342' title='bbox 472 3290 622 3335; x_wconf 81' lang='lat' dir='ltr'>erexerat.</span> <span class='ocrx_word' id='word_1_343' title='bbox 666 3274 804 3337; x_wconf 81' lang='lat' dir='ltr'>l&#39;luuaanr</span> <span class='ocrx_word' id='word_1_344' title='bbox 821 3298 937 3359; x_wconf 84' lang='lat' dir='ltr'>quoque</span> <span class='ocrx_word' id='word_1_345' title='bbox 953 3274 1055 3335; x_wconf 81' lang='lat' dir='ltr'>titillit</span> <span class='ocrx_word' id='word_1_346' title='bbox 1077 3275 1131 3337; x_wconf 86' lang='lat' dir='ltr'>iste</span> <span class='ocrx_word' id='word_1_347' title='bbox 1154 3273 1311 3335; x_wconf 85' lang='lat' dir='ltr'>Diomedis</span> 
     </span>
     <span class='ocr_line' id='line_1_37' title="bbox 101 3350 1312 3437; baseline -0.005 -16"><span class='ocrx_word' id='word_1_348' title='bbox 101 3350 193 3417; x_wconf 57' lang='lat'>¹⁰²⁰&amp;</span> <span class='ocrx_word' id='word_1_349' title='bbox 234 3356 305 3421; x_wconf 84' lang='lat' dir='ltr'>lloo</span> <span class='ocrx_word' id='word_1_350' title='bbox 318 3376 380 3417; x_wconf 90' lang='lat' dir='ltr'>non</span> <span class='ocrx_word' id='word_1_351' title='bbox 393 3354 429 3413; x_wconf 81' lang='lat' dir='ltr'>cd</span> <span class='ocrx_word' id='word_1_352' title='bbox 452 3356 515 3415; x_wconf 86' lang='lat' dir='ltr'>dixi</span> <span class='ocrx_word' id='word_1_353' title='bbox 530 3358 609 3437; x_wconf 82' lang='lat' dir='ltr'>quod</span> <span class='ocrx_word' id='word_1_354' title='bbox 625 3378 755 3419; x_wconf 80' lang='lat' dir='ltr'>errorem</span> <span class='ocrx_word' id='word_1_355' title='bbox 779 3358 872 3419; x_wconf 77' lang='lat' dir='ltr'>lesem</span> <span class='ocrx_word' id='word_1_356' title='bbox 887 3375 1036 3421; x_wconf 89' lang='lat' dir='ltr'>tantorum</span> <span class='ocrx_word' id='word_1_357' title='bbox 1050 3358 1183 3418; x_wconf 80' lang='lat' dir='ltr'>virorum</span> <span class='ocrx_word' id='word_1_358' title='bbox 1206 3369 1312 3415; x_wconf 87' lang='lat' dir='ltr'>notare</span> 
     </span>
     <span class='ocr_line' id='line_1_38' title="bbox 104 3434 1310 3521; baseline -0.007 -16"><span class='ocrx_word' id='word_1_359' title='bbox 104 3434 260 3513; x_wconf 63' lang='lat' dir='ltr'>gaudeam,</span> <span class='ocrx_word' id='word_1_360' title='bbox 274 3442 325 3501; x_wconf 86' lang='lat' dir='ltr'>scd</span> <span class='ocrx_word' id='word_1_361' title='bbox 341 3438 438 3499; x_wconf 82' lang='lat' dir='ltr'>solinu</span> <span class='ocrx_word' id='word_1_362' title='bbox 455 3452 484 3495; x_wconf 95' lang='lat' dir='ltr'>ut</span> <span class='ocrx_word' id='word_1_363' title='bbox 500 3440 709 3513; x_wconf 81' lang='lat' dir='ltr'>demonstrem,</span> <span class='ocrx_word' id='word_1_364' title='bbox 725 3442 835 3521; x_wconf 76' lang='lat' dir='ltr'>qtrruuri</span> <span class='ocrx_word' id='word_1_365' title='bbox 856 3463 924 3504; x_wconf 71' lang='lat' dir='ltr'>ctum</span> <span class='ocrx_word' id='word_1_366' title='bbox 940 3440 1013 3502; x_wconf 75' lang='lat' dir='ltr'>curi</span> <span class='ocrx_word' id='word_1_367' title='bbox 1035 3454 1064 3500; x_wconf 87' lang='lat' dir='ltr'>et</span> <span class='ocrx_word' id='word_1_368' title='bbox 1078 3439 1194 3502; x_wconf 75' lang='lat' dir='ltr'>cautelis</span> <span class='ocrx_word' id='word_1_369' title='bbox 1207 3460 1310 3497; x_wconf 83' lang='lat' dir='ltr'>eorum</span> 
     </span>
     <span class='ocr_line' id='line_1_39' title="bbox 103 3512 1164 3609; baseline 0.002 -30"><span class='ocrx_word' id='word_1_370' title='bbox 103 3512 304 3609; x_wconf 66' lang='lat' dir='ltr'>optralesscre</span> <span class='ocrx_word' id='word_1_371' title='bbox 318 3533 466 3607; x_wconf 87' lang='lat' dir='ltr'>oporteat,</span> <span class='ocrx_word' id='word_1_372' title='bbox 482 3520 531 3578; x_wconf 84' lang='lat' dir='ltr'>ubi</span> <span class='ocrx_word' id='word_1_373' title='bbox 546 3524 584 3580; x_wconf 76' lang='lat' dir='ltr'>dr·</span> <span class='ocrx_word' id='word_1_374' title='bbox 600 3544 630 3583; x_wconf 88' lang='lat' dir='ltr'>re</span> <span class='ocrx_word' id='word_1_375' title='bbox 645 3522 745 3602; x_wconf 81' lang='lat' dir='ltr'>agitur</span> <span class='ocrx_word' id='word_1_376' title='bbox 759 3525 886 3585; x_wconf 77' lang='lat' dir='ltr'>obscuri</span> <span class='ocrx_word' id='word_1_377' title='bbox 900 3526 974 3587; x_wconf 80' lang='lat' dir='ltr'>adeo</span> <span class='ocrx_word' id='word_1_378' title='bbox 990 3539 1019 3585; x_wconf 88' lang='lat' dir='ltr'>et</span> <span class='ocrx_word' id='word_1_379' title='bbox 1033 3524 1164 3603; x_wconf 76' lang='lat' dir='ltr'>antiqua.</span> 
     </span>
     <span class='ocr_line' id='line_1_40' title="bbox 146 3597 1311 3687; baseline 0.009 -32"><span class='ocrx_word' id='word_1_380' title='bbox 146 3597 408 3674; x_wconf 62' lang='lat' dir='ltr'>ilrrtrquaesariroe</span> <span class='ocrx_word' id='word_1_381' title='bbox 424 3604 462 3667; x_wconf 78' lang='lat' dir='ltr'>ad</span> <span class='ocrx_word' id='word_1_382' title='bbox 478 3602 586 3661; x_wconf 71' lang='lat' dir='ltr'>Scarus·</span> <span class='ocrx_word' id='word_1_383' title='bbox 602 3625 685 3666; x_wconf 87' lang='lat' dir='ltr'>usum</span> <span class='ocrx_word' id='word_1_384' title='bbox 701 3608 875 3686; x_wconf 71' lang='lat' dir='ltr'>eorupusita·</span> <span class='ocrx_word' id='word_1_385' title='bbox 890 3607 1037 3669; x_wconf 85' lang='lat' dir='ltr'>Naturam</span> <span class='ocrx_word' id='word_1_386' title='bbox 1052 3606 1224 3671; x_wconf 74' lang='lat' dir='ltr'>declarari:</span> <span class='ocrx_word' id='word_1_387' title='bbox 1245 3604 1311 3687; x_wconf 89' lang='lat' dir='ltr'>pla·</span> 
     </span>
     <span class='ocr_line' id='line_1_41' title="bbox 105 3678 1309 3773; baseline 0.005 -30"><span class='ocrx_word' id='word_1_388' title='bbox 105 3700 174 3739; x_wconf 83' lang='lat' dir='ltr'>nutu</span> <span class='ocrx_word' id='word_1_389' title='bbox 191 3678 247 3739; x_wconf 79' lang='lat' dir='ltr'>scel</span> <span class='ocrx_word' id='word_1_390' title='bbox 261 3678 329 3743; x_wconf 82' lang='lat' dir='ltr'>inde</span> <span class='ocrx_word' id='word_1_391' title='bbox 341 3689 510 3773; x_wconf 79' lang='lat' dir='ltr'>erenrplum</span> <span class='ocrx_word' id='word_1_392' title='bbox 524 3686 579 3743; x_wconf 88' lang='lat' dir='ltr'>sibi</span> <span class='ocrx_word' id='word_1_393' title='bbox 592 3690 750 3770; x_wconf 82' lang='lat' dir='ltr'>sumpsisse</span> <span class='ocrx_word' id='word_1_394' title='bbox 763 3689 893 3751; x_wconf 75' lang='lat' dir='ltr'>liunium</span> <span class='ocrx_word' id='word_1_395' title='bbox 905 3694 998 3758; x_wconf 81' lang='lat' dir='ltr'>:satis</span> <span class='ocrx_word' id='word_1_396' title='bbox 1009 3691 1137 3771; x_wconf 89' lang='lat' dir='ltr'>denique</span> <span class='ocrx_word' id='word_1_397' title='bbox 1151 3691 1309 3749; x_wconf 86' lang='lat' dir='ltr'>conlirma-</span> 
     </span>
     <span class='ocr_line' id='line_1_42' title="bbox 105 3760 1312 3858; baseline 0.012 -37"><span class='ocrx_word' id='word_1_398' title='bbox 105 3776 168 3823; x_wconf 90' lang='lat' dir='ltr'>tum</span> <span class='ocrx_word' id='word_1_399' title='bbox 183 3762 252 3858; x_wconf 61' lang='lat' dir='ltr'>dpdi</span> <span class='ocrx_word' id='word_1_400' title='bbox 268 3760 359 3825; x_wconf 78' lang='lat' dir='ltr'>Ennii</span> <span class='ocrx_word' id='word_1_401' title='bbox 370 3772 557 3851; x_wconf 79' lang='lat' dir='ltr'>Pacuviique</span> <span class='ocrx_word' id='word_1_402' title='bbox 570 3769 700 3849; x_wconf 84' lang='lat' dir='ltr'>ejusdem</span> <span class='ocrx_word' id='word_1_403' title='bbox 716 3792 779 3833; x_wconf 86' lang='lat' dir='ltr'>esse</span> <span class='ocrx_word' id='word_1_404' title='bbox 795 3774 912 3847; x_wconf 71' lang='lat' dir='ltr'>perieris</span> <span class='ocrx_word' id='word_1_405' title='bbox 926 3795 993 3837; x_wconf 90' lang='lat' dir='ltr'>cum</span> <span class='ocrx_word' id='word_1_406' title='bbox 1017 3772 1124 3835; x_wconf 87' lang='lat' dir='ltr'>Satiris</span> <span class='ocrx_word' id='word_1_407' title='bbox 1147 3772 1258 3834; x_wconf 88' lang='lat' dir='ltr'>Lucilii</span> <span class='ocrx_word' id='word_1_408' title='bbox 1282 3788 1312 3835; x_wconf 87' lang='lat' dir='ltr'>ct</span> 
     </span>
     <span class='ocr_line' id='line_1_43' title="bbox 93 3840 1310 3939; baseline -0.002 -20"><span class='ocrx_word' id='word_1_409' title='bbox 93 3840 236 3923; x_wconf 66' lang='grc' dir='ltr'>-ΗθΓιΊῑΙΙ,</span> <span class='ocrx_word' id='word_1_410' title='bbox 252 3848 332 3925; x_wconf 91' lang='lat' dir='ltr'>quod</span> <span class='ocrx_word' id='word_1_411' title='bbox 347 3860 440 3916; x_wconf 76' lang='lat' dir='ltr'>tauma</span> <span class='ocrx_word' id='word_1_412' title='bbox 454 3876 576 3919; x_wconf 83' lang='lat' dir='ltr'>cannen</span> <span class='ocrx_word' id='word_1_413' title='bbox 592 3872 651 3912; x_wconf 93' lang='lat' dir='ltr'>uon</span> <span class='ocrx_word' id='word_1_414' title='bbox 665 3856 721 3917; x_wconf 89' lang='lat' dir='ltr'>nisi</span> <span class='ocrx_word' id='word_1_415' title='bbox 734 3857 773 3917; x_wconf 89' lang='lat' dir='ltr'>ab</span> <span class='ocrx_word' id='word_1_416' title='bbox 787 3854 914 3917; x_wconf 89' lang='lat' dir='ltr'>Horatio</span> <span class='ocrx_word' id='word_1_417' title='bbox 927 3858 966 3917; x_wconf 91' lang='lat' dir='ltr'>ad</span> <span class='ocrx_word' id='word_1_418' title='bbox 977 3874 1146 3939; x_wconf 89' lang='lat' dir='ltr'>supremum</span> <span class='ocrx_word' id='word_1_419' title='bbox 1159 3857 1310 3937; x_wconf 84' lang='lat' dir='ltr'>l&#39;ustigium</span> 
     </span>
     <span class='ocr_line' id='line_1_44' title="bbox 103 3930 1309 4025; baseline 0.01 -38"><span class='ocrx_word' id='word_1_420' title='bbox 103 3930 283 4025; x_wconf 28' lang='lat' dir='ltr'>perducturu-</span> <span class='ocrx_word' id='word_1_421' title='bbox 293 3944 345 3987; x_wconf 86' lang='lat' dir='ltr'>est.</span> <span class='ocrx_word' id='word_1_422' title='bbox 380 3930 447 3995; x_wconf 82' lang='lat' dir='ltr'>lam</span> <span class='ocrx_word' id='word_1_423' title='bbox 459 3941 498 4001; x_wconf 88' lang='lat' dir='ltr'>ad</span> <span class='ocrx_word' id='word_1_424' title='bbox 510 3938 634 3999; x_wconf 86' lang='lat' dir='ltr'>alterum</span> <span class='ocrx_word' id='word_1_425' title='bbox 647 3936 756 4000; x_wconf 68' lang='lat' dir='ltr'>Satira</span> <span class='ocrx_word' id='word_1_426' title='bbox 769 3960 872 4018; x_wconf 80' lang='lat' dir='ltr'>genus,</span> <span class='ocrx_word' id='word_1_427' title='bbox 884 3940 963 4019; x_wconf 88' lang='lat' dir='ltr'>quod</span> <span class='ocrx_word' id='word_1_428' title='bbox 976 3938 1075 4021; x_wconf 84' lang='lat' dir='ltr'>recepi</span> <span class='ocrx_word' id='word_1_429' title='bbox 1087 3932 1309 4023; x_wconf 84' lang='lat' dir='ltr'>exponendum,</span> 
     </span>
     <span class='ocr_line' id='line_1_45' title="bbox 103 4012 1308 4105; baseline -0.001 -26"><span class='ocrx_word' id='word_1_430' title='bbox 103 4012 186 4091; x_wconf 82' lang='lat' dir='ltr'>quod</span> <span class='ocrx_word' id='word_1_431' title='bbox 202 4026 232 4071; x_wconf 79' lang='lat' dir='ltr'>et</span> <span class='ocrx_word' id='word_1_432' title='bbox 254 4033 351 4097; x_wconf 76' lang='lat' dir='ltr'>ipsum</span> <span class='ocrx_word' id='word_1_433' title='bbox 366 4032 480 4095; x_wconf 81' lang='lat' dir='ltr'>quoque</span> <span class='ocrx_word' id='word_1_434' title='bbox 493 4024 533 4083; x_wconf 86' lang='lat' dir='ltr'>ab</span> <span class='ocrx_word' id='word_1_435' title='bbox 548 4019 671 4098; x_wconf 77' lang='lat' dir='ltr'>antiqua</span> <span class='ocrx_word' id='word_1_436' title='bbox 685 4020 832 4101; x_wconf 81' lang='lat' dir='ltr'>originem</span> <span class='ocrx_word' id='word_1_437' title='bbox 847 4022 942 4093; x_wconf 84' lang='lat' dir='ltr'>duxit,</span> <span class='ocrx_word' id='word_1_438' title='bbox 957 4036 1073 4105; x_wconf 84' lang='lat' dir='ltr'>tempus</span> <span class='ocrx_word' id='word_1_439' title='bbox 1087 4041 1131 4085; x_wconf 83' lang='lat' dir='ltr'>est</span> <span class='ocrx_word' id='word_1_440' title='bbox 1145 4024 1308 4086; x_wconf 83' lang='lat' dir='ltr'>accedere:</span> 
     </span>
     <span class='ocr_line' id='line_1_46' title="bbox 103 4096 1308 4189; baseline 0.007 -37"><span class='ocrx_word' id='word_1_441' title='bbox 103 4116 138 4153; x_wconf 83' lang='lat' dir='ltr'>ca</span> <span class='ocrx_word' id='word_1_442' title='bbox 161 4110 204 4155; x_wconf 73' lang='lat' dir='ltr'>est</span> <span class='ocrx_word' id='word_1_443' title='bbox 228 4118 296 4175; x_wconf 70' lang='lat' dir='ltr'>quse</span> <span class='ocrx_word' id='word_1_444' title='bbox 320 4096 487 4177; x_wconf 79' lang='lat' dir='ltr'>appellatur</span> <span class='ocrx_word' id='word_1_445' title='bbox 503 4102 611 4165; x_wconf 79' lang='lat' dir='ltr'>Satira</span> <span class='ocrx_word' id='word_1_446' title='bbox 639 4100 833 4167; x_wconf 81' lang='lat' dir='ltr'>Varroniano</span> <span class='ocrx_word' id='word_1_447' title='bbox 846 4102 895 4165; x_wconf 82' lang='lat' dir='ltr'>vel</span> <span class='ocrx_word' id='word_1_448' title='bbox 907 4102 1020 4189; x_wconf 72' lang='lat' dir='ltr'>,llaru&#39;p</span> <span class='ocrx_word' id='word_1_449' title='bbox 1056 4130 1084 4182; x_wconf 87' lang='lat' dir='ltr'>a,</span> <span class='ocrx_word' id='word_1_450' title='bbox 1099 4107 1180 4189; x_wconf 82' lang='lat' dir='ltr'>quod</span> <span class='ocrx_word' id='word_1_451' title='bbox 1195 4104 1308 4185; x_wconf 87' lang='lat' dir='ltr'>primus</span> 
     </span>
     <span class='ocr_line' id='line_1_47' title="bbox 102 4178 1307 4273; baseline 0.008 -40"><span class='ocrx_word' id='word_1_452' title='bbox 102 4178 165 4255; x_wconf 60' lang='lat' dir='ltr'>«sirus</span> <span class='ocrx_word' id='word_1_453' title='bbox 190 4194 295 4243; x_wconf 87' lang='lat' dir='ltr'>auctor</span> <span class='ocrx_word' id='word_1_454' title='bbox 316 4184 393 4260; x_wconf 75' lang='lat' dir='ltr'>essct</span> <span class='ocrx_word' id='word_1_455' title='bbox 415 4180 512 4242; x_wconf 88' lang='lat' dir='ltr'>Varro</span> <span class='ocrx_word' id='word_1_456' title='bbox 533 4186 741 4247; x_wconf 86' lang='lat' dir='ltr'>Rauranorum</span> <span class='ocrx_word' id='word_1_457' title='bbox 759 4188 1011 4271; x_wconf 62' lang='lat' dir='ltr'>doctissimusft&#39;po</span> <span class='ocrx_word' id='word_1_458' title='bbox 1052 4212 1110 4273; x_wconf 90' lang='lat' dir='ltr'>que</span> <span class='ocrx_word' id='word_1_459' title='bbox 1125 4192 1156 4249; x_wconf 89' lang='lat' dir='ltr'>in</span> <span class='ocrx_word' id='word_1_460' title='bbox 1170 4204 1307 4265; x_wconf 90' lang='lat' dir='ltr'>eoopcre</span> 
     </span>
     <span class='ocr_line' id='line_1_48' title="bbox 103 4259 1129 4353; baseline 0.013 -33"><span class='ocrx_word' id='word_1_461' title='bbox 103 4259 240 4353; x_wconf 73' lang='lat' dir='ltr'>ilcuippi</span> <span class='ocrx_word' id='word_1_462' title='bbox 257 4260 449 4339; x_wconf 87' lang='lat' dir='ltr'>Gadarensis,</span> <span class='ocrx_word' id='word_1_463' title='bbox 465 4264 638 4349; x_wconf 87' lang='lat' dir='ltr'>Philosophi</span> <span class='ocrx_word' id='word_1_464' title='bbox 655 4269 775 4350; x_wconf 65' lang='lat' dir='ltr'>Cynici,</span> <span class='ocrx_word' id='word_1_465' title='bbox 790 4292 886 4333; x_wconf 83' lang='lat' dir='ltr'>rruncs</span> <span class='ocrx_word' id='word_1_466' title='bbox 902 4270 1032 4353; x_wconf 79' lang='lat' dir='ltr'>irnitatur</span> <span class='ocrx_word' id='word_1_467' title='bbox 1044 4290 1129 4335; x_wconf 80' lang='lat' dir='ltr'>esset.</span> 
     </span>
     <span class='ocr_line' id='line_1_49' title="bbox 145 4344 1307 4417; baseline 0.003 -14"><span class='ocrx_word' id='word_1_468' title='bbox 145 4344 208 4405; x_wconf 71' lang='lat' dir='ltr'>bec</span> <span class='ocrx_word' id='word_1_469' title='bbox 224 4346 287 4407; x_wconf 85' lang='lat' dir='ltr'>soli</span> <span class='ocrx_word' id='word_1_470' title='bbox 300 4347 465 4408; x_wconf 86' lang='lat' dir='ltr'>carminum</span> <span class='ocrx_word' id='word_1_471' title='bbox 479 4350 617 4414; x_wconf 81' lang='lat' dir='ltr'>varietate</span> <span class='ocrx_word' id='word_1_472' title='bbox 632 4354 718 4417; x_wconf 86' lang='lat' dir='ltr'>ruista</span> <span class='ocrx_word' id='word_1_473' title='bbox 730 4370 772 4413; x_wconf 72' lang='lat' dir='ltr'>cst</span> <span class='ocrx_word' id='word_1_474' title='bbox 784 4357 839 4416; x_wconf 73' lang='lat' dir='ltr'>ista</span> <span class='ocrx_word' id='word_1_475' title='bbox 851 4356 971 4417; x_wconf 68' lang='lat' dir='ltr'>sarim:</span> <span class='ocrx_word' id='word_1_476' title='bbox 985 4366 1056 4417; x_wconf 64' lang='lat' dir='ltr'>nam</span> <span class='ocrx_word' id='word_1_477' title='bbox 1067 4354 1166 4415; x_wconf 74' lang='lat' dir='ltr'>Varro</span> <span class='ocrx_word' id='word_1_478' title='bbox 1178 4348 1204 4407; x_wconf 86' lang='lat' dir='ltr'>ei</span> <span class='ocrx_word' id='word_1_479' title='bbox 1217 4348 1307 4407; x_wconf 90' lang='lat' dir='ltr'>inter-</span> 
     </span>
     <span class='ocr_line' id='line_1_50' title="bbox 102 4430 1307 4519; baseline 0.002 -28"><span class='ocrx_word' id='word_1_480' title='bbox 102 4452 242 4511; x_wconf 75' lang='lat' dir='ltr'>posuerat</span> <span class='ocrx_word' id='word_1_481' title='bbox 264 4430 386 4513; x_wconf 81' lang='lat' dir='ltr'>prusam</span> <span class='ocrx_word' id='word_1_482' title='bbox 410 4432 584 4511; x_wconf 86' lang='lat' dir='ltr'>orationem,</span> <span class='ocrx_word' id='word_1_483' title='bbox 597 4439 765 4519; x_wconf 88' lang='lat' dir='ltr'>promiscuo</span> <span class='ocrx_word' id='word_1_484' title='bbox 779 4441 867 4498; x_wconf 85' lang='lat' dir='ltr'>ctiam</span> <span class='ocrx_word' id='word_1_485' title='bbox 883 4460 936 4497; x_wconf 86' lang='lat' dir='ltr'>usu</span> <span class='ocrx_word' id='word_1_486' title='bbox 961 4438 1062 4499; x_wconf 69' lang='lat' dir='ltr'>Gracci</span> <span class='ocrx_word' id='word_1_487' title='bbox 1075 4452 1105 4495; x_wconf 81' lang='lat' dir='ltr'>ct</span> <span class='ocrx_word' id='word_1_488' title='bbox 1121 4432 1219 4493; x_wconf 77' lang='lat' dir='ltr'>Latini</span> <span class='ocrx_word' id='word_1_489' title='bbox 1236 4430 1307 4491; x_wconf 79' lang='lat' dir='ltr'>Ser-</span> 
     </span>
    </p>
   </div>
   <div class='ocr_carea' id='block_1_5' title="bbox 104 4512 1309 4638">
    <p class='ocr_par' dir='ltr' id='par_1_5' title="bbox 104 4512 1309 4638">
     <span class='ocr_line' id='line_1_51' title="bbox 104 4512 1309 4638; baseline 0.007 -69"><span class='ocrx_word' id='word_1_490' title='bbox 104 4520 207 4577; x_wconf 69' lang='lat' dir='ltr'>moni.</span> <span class='ocrx_word' id='word_1_491' title='bbox 233 4514 457 4597; x_wconf 73' lang='lat' dir='ltr'>·Quirrtiliuurrs</span> <span class='ocrx_word' id='word_1_492' title='bbox 471 4516 509 4575; x_wconf 88' lang='lat' dir='ltr'>dc</span> <span class='ocrx_word' id='word_1_493' title='bbox 525 4514 631 4581; x_wconf 81' lang='lat' dir='ltr'>laudii</span> <span class='ocrx_word' id='word_1_494' title='bbox 648 4520 747 4638; x_wconf 69' lang='lat' dir='ltr'>Saripa</span> <span class='ocrx_word' id='word_1_495' title='bbox 769 4522 885 4579; x_wconf 84' lang='lat' dir='ltr'>locutus</span> <span class='ocrx_word' id='word_1_496' title='bbox 908 4521 999 4599; x_wconf 77' lang='lat' dir='ltr'>ocidit,</span> <span class='ocrx_word' id='word_1_497' title='bbox 1014 4518 1145 4581; x_wconf 65' lang='lat' dir='ltr'>atrata</span> <span class='ocrx_word' id='word_1_498' title='bbox 1171 4512 1246 4575; x_wconf 76' lang='lat' dir='ltr'>illud</span> <span class='ocrx_word' id='word_1_499' title='bbox 1267 4526 1309 4573; x_wconf 77' lang='lat' dir='ltr'>tr!</span> 
     </span>
    </p>
   </div>
   <div class='ocr_carea' id='block_1_6' title="bbox 0 0 1401 4830">
    <p class='ocr_par' dir='ltr' id='par_1_6' title="bbox 0 0 1401 4830">
     <span class='ocr_line' id='line_1_52' title="bbox 0 0 1401 4830; baseline 0 0"><span class='ocrx_word' id='word_1_500' title='bbox 0 0 1401 4830; x_wconf 95' lang='lat' dir='ltr'> </span> 
     </span>
    </p>
   </div>
  </div>
 </body>
</html>
