2790 4830
470 230 601 295 rto'rAE
623 230 672 294 IN
694 228 838 295 vrtuti
858 228 1059 294 HORATH.
1313 248 1361 294 nu

194 381 306 447 Hinno
318 400 363 442 sne
375 377 469 441 uideat
479 388 506 439 st
526 375 535 390 ’
556 374 710 474 etiarm]
734 375 808 440 Non
821 375 923 460 placet
938 376 996 438 ista
1018 374 1116 438 lectio.
1141 374 1257 439 Procul
1270 375 1363 443 dubio

157 466 318 551 scripserat
330 462 489 539 Maecenas,
540 482 612 523 sano
625 482 669 523 me
679 458 778 523 mdcat
787 458 996 545 strigam
1010 478 1136 540 eamque
1145 459 1305 524 lectionem
1318 480 1364 525 sc-

157 565 241 612 cutus
254 562 301 612 est
313 548 498 610 doctissimus
509 543 648 608 Vossius.
688 543 763 608 Fuit
780 544 818 606 iis
833 543 1017 627 temporibus
1033 540 1108 603 Nin.
1128 539 1255 606 Crassus
1270 547 1366 629 poita

158 800 270 862 soum
278 712 452 873 30¹0...an
475 732 685 873 baumadi
692 734 751 877 ql.
773 796 850 877 qus,
873 795 947 877 quid
967 793 1024 855 su
1045 756 1127 869 veit,
1148 732 1366 875 ...abac

159 883 257 945 dooec

199 964 290 1028 Nunc
303 962 539 1047 occupatissimus
550 971 577 1024 ct
588 960 749 1046 infirmus]
780 961 906 1025 Infirmi
917 960 1089 1024 valetudine
1099 960 1238 1023 utebatur
1247 961 1368 1043 Augtu·

158 1064 206 1114 tus
222 1050 301 1112 omni
314 1062 460 1131 tempore,
473 1059 543 1130 post
557 1056 655 1108 autem
669 1045 783 1108 bellum
795 1044 1007 1129 Hispanicum,
1021 1044 1174 1127 impendio
1187 1044 1285 1125 magis
1299 1065 1369 1125 gra·

156 1154 278 1197 vescere
290 1132 383 1215 ctepit
414 1132 461 1192 'us
473 1129 628 1192 valetudo.
662 1128 740 1192 Post
757 1129 834 1191 istud
848 1118 941 1209 igitur
954 1126 1067 1189 bellum
1080 1140 1197 1190 constat
1209 1148 1278 1190 eum
1291 1128 1371 1191 banc

156 1216 314 1303 epistolam
329 1215 370 1277 ad
420 1226 586 1275 aecenatem
600 1212 763 1293 scripsisse,
781 1208 971 1293 Horatioque
984 1209 1125 1272 obtulisse
1140 1231 1247 1273 munus
1260 1211 1371 1296 episto·

158 1302 330 1447 hliuffittd
345 1374 512 1462 pmasiticd
530 1374 653 1475 mend]
695 1375 840 1440 Horatius
860 1378 940 1440 enim
963 1398 1026 1440 non
1047 1391 1113 1442 crat
1133 1399 1172 1440 ex
1193 1377 1372 1442 Maecenatis

159 1464 342 1537 domesticis,
362 1479 461 1541 neque
473 1458 562 1521 ullius
575 1460 721 1522 ordinarii
735 1462 827 1522 officii
840 1462 931 1524 causi
944 1462 1027 1544 apud
1039 1483 1107 1523 eam
1120 1462 1266 1540 baerebut,
1288 1463 1373 1525 ideo·

161 1570 222 1631 que
236 1567 304 1608 eum
317 1545 363 1607 bic
378 1543 482 1606 irridet
494 1541 646 1625 Augustus
661 1556 695 1605 ut
706 1541 883 1606 Maecenatis
897 1544 1072 1628 parasitum,
1094 1546 1179 1625 quasi
1193 1545 1223 1608 ei
1236 1559 1313 1608 essct
1325 1566 1373 1609 as-

161 1632 262 1695 siduus
273 1628 411 1692 conviva
724 1634 742 1665 ·'

104 1796 108 1802 Ι
197 1714 246 1777 Ac
262 1735 299 1775 ne
315 1712 463 1808 scruputi
480 1708 595 1857 quidest
615 1719 667 1812 atet
684 1711 843 1809 succensuit
859 1712 1023 1798 quicquan,
1046 1712 1272 1811 aut·antieitiam
1290 1734 1373 1776 mant

155 1794 497 1945 tibitibi.
511 1796 1072 1963 {subtilitatibus}
1083 1795 1374 1963 iniibffiiisii

162 1966 300 2028 bibenda*
323 1964 419 2026 fateor
440 1984 502 2025 non
525 1963 583 2025 nisi
605 1964 772 2027 rarissimas
794 1963 830 2025 iis
852 1966 988 2046 praebere
1009 1964 1194 2026 occasiones.
1236 1964 1324 2027 Adeo
1341 1964 1374 2027 in

161 2069 273 2133 punctu
284 2048 429 2124 incidunt,
442 2047 493 2128 qui
505 2046 605 2109 officia
616 2046 718 2131 ampla
728 2061 759 2110 et
768 2047 896 2109 bonores
907 2048 987 2110 ultro
1001 2047 1057 2109 sibi
1070 2048 1189 2111 oblatos
1200 2046 1374 2112 deuectsnt.

204 2132 239 2195 Si
246 2153 307 2216 per
320 2130 512 2193 suetudinem
526 2141 605 2193 tuam
619 2130 693 2214 fieri
703 2129 829 2216 posset]
859 2129 1000 2194 Indicant
1012 2130 1079 2193 brec
1091 2134 1187 2195 verba
1200 2130 1374 2209 Horatium,

160 2215 342 2279 valetudinis
353 2235 415 2277 oute
428 2215 623 2276 excusatione
642 2215 727 2277 illum
741 2216 888 2277 bonorem
902 2215 959 2277 sibi
974 2216 1013 2277 ab
1026 2216 1166 2296 Augusto
1179 2215 1314 2279 oblamm
1327 2236 1376 2278 re·

160 2321 289 2363 cusasse.
318 2297 338 2360 J
340 2320 387 2360 am
398 2299 479 2361 enim
491 2312 699 2375 consenuerat,
712 2299 793 2360 unde
806 2299 897 2360 etiarn
908 2299 1041 2381 sequitur
1051 2297 1110 2359 boc
1123 2297 1152 2359 ci
1164 2317 1226 2361 nou
1239 2300 1374 2361 oblatum

160 2384 251 2447 fuisse
266 2396 336 2444 ante
345 2382 458 2445 bellum
472 2381 684 2466 Hispanicum,
698 2395 731 2445 ut
744 2403 835 2465 supra
847 2381 922 2443 dixi.

203 2464 374 2551 Septim]
413 2463 498 2528 ldem
510 2480 555 2527 est
569 2465 740 2549 Septimius,
756 2487 844 2548 quem
859 2465 1021 2548 alloquitur
1034 2463 1112 2528 Hor.
1133 2464 1195 2529 Od.
1211 2470 1241 2527 6.
1257 2464 1329 2528 Lib.
1343 2466 1375 2529 ii.

166 2573 254 2633 quem
267 2549 412 2613 laudati)
436 2594 445 2610 .
465 2554 494 2612 3.
509 2548 578 2610 Lib.
593 2551 614 2612 i.
629 2570 776 2633 quemque
795 2549 923 2612 Tiberio
936 2551 1130 2612 commendat
1148 2548 1209 2633 Ep.
1223 2554 1254 2612 9.
1268 2548 1375 2612 ΗΜ.

209 2634 335 2717 Uarique
348 2642 376 2695 et
416 2633 479 2695 terd
492 2631 666 2696 liberalitate
680 2631 891 2718 locupletavit]
919 2632 1005 2694 Nihil
1019 2634 1182 2715 quicquam
1199 2632 1323 2695 memini
1335 2634 1376 2696 ab

164 2712 293 2780 Horatio
307 2717 469 2781 dicmmde
483 2716 614 2799 Augusti
628 2718 660 2779 in
672 2738 703 2778 se
715 2716 906 2793 liberalitate,
929 2717 1010 2798 quod
1030 2730 1131 2779 tamen
1145 2716 1295 2780 silentiam
1314 2736 1377 2797 uon

164 2814 207 2863 ost
219 2802 259 2865 ab
272 2802 394 2883 ingrato
412 2801 516 2863 auimo
533 2800 711 2885 proiectum.
751 2799 853 2863 Nemo
868 2802 989 2882 inquam
1007 2799 1065 2861 suit
1082 2802 1231 2884 princeps,
1254 2800 1308 2884 qui
1321 2798 1379 2863 ali·

164 2885 270 2966 quibus
288 2906 351 2946 non
366 2885 554 2962 benefecerit,
578 2885 668 2969 pauci
691 2898 790 2947 autem
807 2885 928 2947 suerunt
947 2883 1077 2965 Augusti
1095 2884 1216 2962 similes,
1237 2884 1291 2968 qui
1312 2904 1379 2947 om·

109 3004 129 3041 ,ν
164 2968 252 3031 uibus
261 2970 322 3031 suis
335 2969 473 3055 subJ’ectis
483 2969 639 3031 benefecit
679 2968 833 3051 Quorsum
844 2969 938 3049 igitur
949 2989 1005 3050 pra
1017 2968 1117 3052 teipso
1127 2968 1251 3031 seorsim
1262 2969 1377 3050 gratim

73 3072 128 3099 μ’
162 3064 277 3134 ageret,
297 3072 391 3135 quum
404 3065 500 3115 essent
521 3074 577 3135 pro
590 3066 655 3116 toto
675 3053 789 3115 mundo
811 3052 918 3134 gratiae
940 3052 1091 3133 agenda?
1113 3051 1189 3114 Sola
1208 3066 1308 3115 autem
1321 3052 1378 3114 bu·

142 3188 151 3221 ,
155 3134 294 3217 jusmodi
306 3135 472 3218 gradatam
488 3137 568 3200 actio
581 3137 712 3219 gloriam
724 3136 870 3220 principis
882 3134 1057 3218 amplificat,
1081 3135 1206 3218 solaque
1225 3137 1319 3218 digna
1332 3149 1379 3199 est

93 3222 115 3259 ²·
163 3238 234 3313 quie
253 3216 409 3281 literarum
425 3221 624 3317 monumeptis
638 3220 804 3319 posteritati
823 3219 1072 3283 commendetur?
1092 3216 1201 3317 ltaque
1219 3218 1377 3318 Horatius,

161 3298 1378 3468 t'fb‘l‘lbll‘t“billi{litt‘uutdiltfflslt‘q‘ttblb

164 3470 250 3532 tuisse
262 3468 366 3561 ‚civem
383 3467 569 3545 Romanam,
591 3468 687 3551 quisi
705 3469 951 3551 tranquillitatem
968 3467 1121 3550 vitamque
1143 3488 1228 3529 suam
1246 3488 1308 3530 non
1325 3470 1381 3532 de·

167 3552 396 3781 ῒῆῃᾶνζίωπ
408 3562 882 3755 udelihwdqmtque]
912 3635 1005 3718 Quod
1015 3636 1138 3717 quidem
1149 3633 1219 3696 iecit
1230 3632 1290 3697 Od.
1302 3640 1333 3698 4.
1348 3649 1378 3698 et

214 3724 483 3891 Basiqtiiicocgert't
573 3778 683 3869 Ηυξ
695 3803 788 3885 tribus
800 3805 960 3871 carminum
973 3802 1057 3873 tttm
1070 3824 1106 3865 es
1119 3800 1210 3887 longo
1223 3801 1377 3866 intervallo

169 3890 304 3967 qm
315 3887 461 3971 idcirce}
519 3888 663 3951 ur·credit
684 3886 894 3949 amnes-Odas
913 3888 967 3949 lib.
977 3887 1023 3963 iv.
1045 3888 1086 3951 ab
1099 3882 1231 3962 Horatio
1250 3888 1307 3950 scri
1330 3900 1376 3950 tas

153 3974 328 4047 postqum
336 3972 394 4033 boe
408 3986 472 4033 erat
485 3971 512 4032 ei
528 3972 568 4032 ab
581 3972 720 4052 Augusto
734 3971 923 4054 imperatum,
937 3988 987 4033 nm
1000 3971 1025 4031 is
1039 3954 1131 4049 ldag‘e
1145 3969 1264 4031 errabit
1336 3970 1377 4031 ud

164 4046 266 4111 talum
281 4044 355 4111 dle‘t
364 4050 533 4131 Suetonius,
549 4052 709 4116 Horatium
726 4057 765 4116 ab
779 4055 917 4133 Augusto
930 4064 1069 4117 coactum
1083 4050 1325 4132 fuissequartum
1340 4051 1377 4111 li-

163 4132 253 4201 bt'm
268 4130 372 4207 edere,
385 4136 507 4221 illasque
526 4139 621 4213 Odos,
640 4161 714 4220 quas
728 4161 766 4200 ex
786 4138 878 4221 ipsius
895 4136 1023 4220 imperio
1036 4135 1259 4217 composuisset,
1271 4135 1307 4196 iis
1321 4134 1377 4194 ad·

66 4274 71 4279 .
160 4214 577 4363 {quffiinp‘idem
588 4222 711 4299 fecisset,
724 4224 850 4285 necdum
861 4219 892 4280 iu
903 4219 999 4282 lucem
1012 4219 1160 4281 edidisset.
1188 4213 1376 4276 VideNotas

273 4347 280 4363 .
318 4348 327 4363 .
374 4323 384 4360 r
408 4344 416 4360 .
460 4353 467 4367 .

205 4380 324 4446 Habitu
337 4324 471 4468 carpoiis
484 4390 574 4451 breuis
580 4390 643 4474 fuit
658 4399 685 4450 et
699 4390 823 4472 aimus]
862 4386 956 4467 Quod
967 4387 1031 4469 ipse
1045 4381 1119 4445 dicit
1133 4380 1197 4440 Sat.
1212 4379 1240 4435 3.
1256 4373 1327 4439 Lib.
1342 4376 1371 4438 it

166 4464 217 4527 ubi
229 4485 261 4529 te
276 4469 405 4531 affirmat
420 4491 483 4531 csse
498 4488 616 4535 staturae
632 4496 692 4535 iton
707 4475 835 4556 ampullas
848 4468 1006 4551 bipedalis.
