2790 4830
98 200 157 259 306
476 194 660 261 nuceum
683 194 932 263 PRAEFATIO.

95 348 123 401 rt
138 338 221 423 prius
238 338 346 401 Satira
384 364 463 417 caut,
477 340 556 439 qued
568 362 624 403 uer
636 338 729 401 selim
742 342 904 405 carminum
919 348 1058 411 verietate
1070 350 1181 412 mistum
1202 354 1308 415 concli-

95 422 140 485 tlit
158 420 311 485 Terentius
331 363 444 503 lfirro,
455 448 500 487 err
511 424 707 485 Romanorum
722 424 956 505 eruditissimue3
969 434 1054 515 cujus
1068 433 1126 495 luci
1139 436 1229 497 urtica
1246 438 1305 500 dil'-

95 505 213 569 lieultas
228 510 259 570 in
274 531 310 572 eo
325 512 422 594 posita
434 524 485 581 est,
497 506 578 587 qudd
593 506 721 568 affirmat
735 506 941 587 Quintilianus
952 516 1032 578 hane
1045 516 1175 581 Satiram
1189 518 1306 585 Varro-

94 589 217 653 nianam
240 594 330 656 luisse
343 594 477 679 priorem.
520 588 592 669 Quo
614 590 694 651 euim
719 605 807 674 pactu
827 592 901 655 illuel
925 596 991 658 lieri
1006 602 1114 683 potuit,
1128 604 1196 665 ciun
1216 620 1305 669 retate

94 675 190 737 inulto
206 679 350 759 posterior
363 670 480 735 Lucilio
493 670 582 733 luerit
597 672 721 737 Varro?
735 676 777 738 At
790 676 920 739 Satiram
937 678 1087 745 Varronis
1101 702 1232 769 tempore
1240 690 1304 773 pri·

94 779 176 823 erem
202 762 298 836 luisse,
320 778 355 819 ea
368 776 439 817 vero
462 776 523 817 non
544 771 590 817 est
603 756 784 839 Quintiliani
807 782 900 837 mens,
915 762 1029 847 quippe
1042 769 1094 847 qui
1109 772 1206 851 probe
1218 774 1303 835 sciret

92 864 160 907 earn
176 846 275 908 multis
287 838 370 903 aunis
384 839 474 903 luisse
487 843 692 905 recentiorem.
719 842 756 907 ld
771 844 874 921 soluit,
890 846 1022 909 Satiram
1037 850 1116 913 hanc
1130 856 1173 915 ita
1189 856 1303 921 mistam

92 932 191 1011 magis
202 924 393 1009 compositam
408 946 472 987 esse
483 926 523 987 ad
538 924 631 988 Errnii
645 940 674 989 et
688 926 826 1005 Pacuvii,
841 932 893 1011 qui
906 932 937 993 in
950 932 1056 995 Satiris
1068 936 1129 997 suis
1142 940 1239 1003 multa
1249 944 1305 1005 sibi

92 1012 182 1076 licere
196 1010 361 1085 voluerunt,
376 1010 465 1091 quium
482 1010 520 1073 ad
536 1008 647 1073 Lucilii
659 1014 839 1097 exemplum,
851 1016 904 1097 qui
916 1038 1015 1079 musas
1026 1018 1118 1080 coluit
1130 1026 1304 1089 severiores.

133 1094 214 1159 Nihil
238 1093 324 1155 uoms
348 1108 438 1157 restat
451 1094 540 1157 hodie
553 1115 592 1156 ex
616 1094 763 1159 Varronis
777 1098 894 1177 Satiris,
910 1116 1018 1183 praeter
1032 1102 1201 1185 fragmenta
1222 1132 1305 1193 qum-

90 1182 170 1254 dam,
184 1197 279 1258 eaque
301 1180 464 1241 unanimam
488 1180 520 1241 in
532 1192 648 1261 partem
663 1182 898 1265 corruptissima,
910 1186 1079 1269 titulosque,
1094 1210 1223 1270 quorum
1239 1196 1305 1279 plu-

91 1264 156 1327 rimi
180 1278 247 1322 sum
271 1262 414 1345 duplices,
431 1264 481 1345 qui
504 1262 617 1325 indicio
640 1279 717 1341 sunu,
732 1281 845 1349 quatita
869 1284 946 1331 esset
959 1272 1085 1335 varietas
1099 1278 1291 1341 materiarum

89 1366 161 1429 quas
176 1344 278 1407 Varro
293 1346 353 1407 illic
365 1358 553 1407 tractaverat.
1292 1327 1301 1359 ⁸

130 1428 254 1489 Seserem
269 1429 548 1512 Apocnlucyntosis,
564 1430 667 1493 Bouill
682 1434 720 1495 de
733 1432 953 1498 Consolatione
964 1439 1293 1527 Plriloseplrieelibellus

86 1524 115 1574 et
138 1510 273 1573 Petronii
298 1513 410 1574 Arbitri
435 1514 596 1595 Satyricon
609 1531 676 1576 sum
692 1514 801 1579 Satirte
817 1514 1017 1582 lt'arrcmiuuis
1041 1528 1165 1591 cannino
1182 1496 1302 1594 similes?

129 1594 206 1657 llaec
231 1598 323 1659 habui
346 1596 382 1659 de
405 1596 512 1659 Satiris
534 1590 699 1681 in'genere
720 1598 866 1659 dicenda:
890 1603 977 1685 plum
1001 1605 1031 1665 in
1049 1612 1107 1669 lune
1122 1628 1298 1689 argumento

85 1680 229 1743 disserere
252 1702 470 1765 supervacuum
492 1696 579 1745 esset.
630 1682 666 1745 ln
689 1680 765 1744 uotis
787 1685 896 1741 nostris
923 1690 1112 1746 commodior
1134 1684 1192 1756 erit
1217 1700 1301 1761 locus

85 1762 324 1827 Horatianarum
347 1764 523 1847 Satyuurum
539 1779 674 1827 iratorum
689 1763 858 1828 curarraudi.
900 1767 1015 1827 lntrrea
1029 1766 1103 1828 illud
1119 1777 1208 1833 eelim
1233 1785 1300 1842 arri-

87 1850 256 1912 madvertat
271 1850 390 1925 laetor,
403 1850 545 1911 Latinum
560 1850 751 1911 Vocabulum
765 1846 874 1909 Satirre
885 1862 944 1909 trum
959 1848 1119 1931 designare
1134 1854 1297 1920 Sermones

87 1936 138 2017 quui
155 1932 303 1996 Virtutem
325 1934 543 2009 corrumendent,
558 1934 648 2017 quiem
672 1932 722 2015 qui
738 1931 814 1993 uitia
829 1933 1014 1995 insectentur.
1051 1934 1186 1997 Omnino
1207 1939 1295 2001 aliter

89 2040 121 2079 se
136 2040 181 2080 res
195 2020 286 2082 habet
300 2018 330 2078 iu
345 2017 450 2099 linguis
462 2018 573 2095 satra,
585 2018 636 2081 tubi
648 2018 695 2081 vel
705 2036 815 2079 nonren
828 2017 919 2101 ipsum
933 2014 1043 2079 Sutirte
1054 2029 1195 2081 terrerem
1208 2020 1293 2083 incu-

87 2104 123 2164 tit
146 2102 213 2176 illis,
229 2104 279 2183 quii
302 2122 334 2163 sc
356 2102 497 2165 simulant
518 2102 549 2163 id
572 2124 635 2165 esse
656 2100 737 2181 quod
751 2120 812 2162 non
835 2116 918 2175 snnt;
932 2101 1013 2182 rrpud
1027 2120 1080 2161 nos
1095 2104 1172 2164 etnim
1188 2106 1291 2167 audito

87 2184 199 2247 Satira
214 2186 334 2248 nomine
347 2185 505 2247 conuicium
524 2186 706 2265 intelligitur.
749 2180 866 2247 Eadem
880 2198 980 2245 tamen
994 2186 1151 2267 utrobique
1164 2210 1226 2249 sex
1239 2206 1290 2250 est.

86 2268 149 2331 Sed
173 2268 276 2333 Latini
299 2270 473 2352 plerumque
492 2270 524 2332 in
539 2270 679 2332 librorum
694 2264 787 2329 titulis
802 2282 993 2351 respexerunt
1005 2268 1088 2331 vocis
1103 2270 1196 2353 ipsius
1209 2287 1293 2333 natu-

87 2375 162 2432 ram,
177 2369 207 2417 et
221 2356 366 2435 integram
382 2352 638 2435 significationem,
652 2370 743 2429 quam
759 2354 848 2415 habet
859 2372 899 2413 ex
918 2352 1114 2435 etymologia,
1128 2356 1197 2416 cium
1213 2356 1293 2417 Galli

87 2440 248 2524 respiciant
263 2438 389 2519 primum
403 2453 434 2499 et
447 2436 673 2522 frequentiorem
688 2436 771 2497 vireis
786 2458 881 2514 usum,
896 2434 1088 2519 uioomjam
1102 2438 1172 2501 inde
1187 2442 1224 2503 ab
1238 2441 1296 2502 ini·

87 2524 130 2586 tio
146 2523 273 2587 dicteriis
287 2531 316 2577 et
327 2520 601 2585 obtrectationibus.

130 2601 296 2669 Scribendu
311 2617 410 2666 alutem
425 2628 460 2669 ea
475 2628 537 2668 vox
550 2598 658 2663 Latine
674 2624 727 2684 per
739 2626 758 2666 u
772 2604 818 2664 vel
833 2604 921 2685 peri,
939 2605 1059 2667 Gallici·
1073 2630 1128 2691 per
1140 2608 1295 2691 isimplex.

88 2691 150 2770 Qui
164 2711 216 2771 per
228 2686 453 2829 {scripserunt
469 2692 488 2750 ii
502 2706 567 2751 cum
583 2682 748 2769 Scaligero,
764 2686 899 2761 Heinsio,
916 2690 1075 2769 multisque
1087 2694 1152 2753 aliis
1164 2694 1297 2755 credide·

86 2784 164 2845 runt,
179 2792 217 2831 ex
250 2767 414 2831 ‘numinibus
435 2768 572 2839 Raeticis,
587 2786 663 2845 quos
680 2770 779 2831 Grmei
798 2778 912 2845 Semper,
920 2770 1054 2831 Rotnani
1074 2774 1207 2850 murarios,
1223 2798 1295 2839 nun·

85 2854 246 2933 cupabaut,
259 2853 380 2912 nemine
392 2852 474 2913 dicta
485 2850 726 2927 suisterjusmodi
740 2852 890 2931 poeonius,
905 2852 980 2927 ique
991 2870 1067 2911 vace
1079 2852 1212 2935 Satyrus,
1223 2859 1297 2919 duc-

50 3006 53 3011 ,
85 2950 147 2999 tam
162 2954 267 2993 vocem
284 2930 394 3013 Satyra
403 2956 416 3005 ,·
431 2935 503 2995 istas
516 2943 661 3015 prteterea
678 2936 731 2996 Sat
751 2952 800 2991 ras
814 2931 995 2993 carminibus
1011 2932 1188 2997 Grmcorum
1205 2935 1295 3011 Sutu-

83 3015 153 3079 rieit
174 3016 264 3079 valde
288 3015 375 3076 luisse
396 3016 515 3078 affines:
551 3016 610 3073 uod
626 3039 688 3078 esse
701 2954 889 3074 loisis-sunum
903 3008 1066 3070 luculenter
1079 3003 1293 3077 demonstrata

85 3102 296 3176 Casanhomm,
319 3100 369 3163 ubi
390 3100 478 3160 docet
498 3035 661 3178 abluturus
680 3116 716 3157 ex
729 3094 872 3171 arralouiit
892 3090 1013 3151 fermari
1028 3112 1088 3152 nou
1104 3094 1223 3175 Satyra,
1239 3097 1292 3157 scd

87 3184 234 3271 Satyrieu,
249 3184 469 3267 plurimumque
492 3180 633 3241 interesse
648 3186 721 3241 inter
736 3176 912 3237 Graecorum
928 3174 1077 3269 Satyrica,
1092 3190 1121 3236 ct
1133 3174 1291 3239 Ronmno-

86 3292 152 3334 rum
168 3271 291 3332 Satirus.
1183 3264 1189 3273 ’

130 3351 322 3437 Spendemius
338 3350 367 3409 in
381 3344 504 3432 pulchris
515 3346 568 3409 suit
579 3347 617 3407 ad
629 3342 747 3405 Juliuui
758 3341 945 3424 Irupcruloris
962 3340 1084 3403 Caunis
1097 3339 1291 3415 Prtesatione,

85 3439 174 3519 plura
186 3438 223 3497 dc
235 3454 314 3496 uero
329 3436 484 3494 observata
497 3430 621 3491 canitulit
632 3428 669 3489 atl
686 3448 722 3487 ea
733 3446 801 3506 quse
814 3440 883 3486 turne
898 3428 981 3487 eade
993 3444 1023 3483 re
1037 3424 1202 3503 protulerat
1213 3430 1291 3491 cele-

85 3522 232 3582 berrimus
259 3516 396 3591 Criticus,
421 3514 575 3596 descriptis
601 3532 712 3591 magno
735 3529 803 3568 cum
826 3512 942 3590 judicio
966 3509 1092 3567 duorum
1116 3512 1287 3588 pnoernatmn

85 3604 217 3683 quinque
232 3615 282 3663 aut
294 3622 346 3661 sex
361 3596 577 3661 discriminibus
592 3591 815 3673 insignioribus,
831 3615 900 3673 quite
913 3593 935 3651 si
948 3588 1047 3648 sidere
1061 3591 1175 3671 cupias,
1188 3608 1287 3655 aucte-

85 3704 146 3743 rem
171 3686 231 3746 adi.
273 3683 357 3745 Nihil
380 3701 511 3759 unquam
534 3680 589 3739 suit
611 3676 690 3759 apud
704 3674 830 3737 Graecos
845 3677 991 3741 Romanu·
1007 3672 1116 3751 Satirte
1131 3675 1288 3737 finitimum

83 3780 194 3847 praeter
207 3764 299 3829 Sillae
310 3786 388 3839 suos,
401 3767 527 3825 ruticulas
541 3759 693 3823 Poematis
706 3780 810 3839 getius,
823 3758 902 3839 quod
912 3776 950 3815 ex
962 3755 1136 3834 strigmentis
1148 3756 1301 3835 Sillomeri,
1320 3784 1322 3788 ’
1338 3757 1342 3763 ’

88 3846 222 3909 Timonis
244 3850 335 3913 lucilio
346 3847 462 3925 'colligi
487 3863 602 3931 potest;
635 3857 666 3902 at
689 3844 745 3903 lroc
768 3842 901 3914 intereat,
916 3838 996 3917 quiul
1021 3836 1093 3899 Sitti
1110 3834 1312 3923 Graecorurils·

84 3952 175 3993 merce
198 3948 295 3995 essent
316 3930 468 4007 Purodiae,
483 3930 566 4012 quaed
578 3930 616 3989 de
629 3924 771 3987 Romanis
785 3922 885 3985 Sotira
901 3922 959 3981 dici
976 3922 1087 3999 nequit,
1102 3923 1154 3982 ubi
1176 3923 1199 3982 si
1214 3922 1285 3981 sorte

85 4014 249 4099 aliquando
261 4016 292 4077 in
307 4016 470 4079 Parodiam
486 4013 610 4085 incidas,
623 4010 738 4070 videbis
752 4023 849 4070 tamen
864 4005 992 4066 Poitam
1009 4004 1122 4065 cavisse
1136 4024 1172 4064 ne
1186 4005 1286 4063 abute-

84 4112 176 4247 ἕψε
215 4096 309 4162 Unde
322 4096 565 4183 liquetParodiis
579 4093 744 4155 naturalem
758 4112 819 4153 esse
834 4090 864 4150 in
879 4088 962 4149 Sillis
976 4087 1086 4163 sedem,
1101 4106 1161 4147 non
1175 4082 1243 4159 item
1256 4086 1285 4143 iu

129 4198 201 4245 turm
1166 4212 1169 4217 ,
1230 4198 1235 4216 .

110 4206 278 4351 αΕιψοεὶῑέι
300 4268 418 4343 tandem
442 4263 557 4337 natiuit,
573 4262 699 4342 origine,
714 4274 744 4321 et
757 4280 913 4343 progressu
929 4255 1047 4329 Satine,
1062 4250 1288 4335 paneade-ipso

76 4350 216 4415 'Horatio
231 4354 303 4416 milri
318 4366 385 4414 sunt
399 4348 536 4422 dicenda,
552 4346 602 4427 qui
615 4344 733 4425 qtridcm
746 4343 841 4425 qualis
853 4345 883 4403 iu
895 4344 952 4402 hoe
965 4360 1055 4420 opere
1065 4339 1112 4411 sit,
1124 4356 1183 4401 nen
1194 4346 1290 4415 potest

79 4440 273 4501 commodius
286 4432 492 4506 demonstrari,
508 4431 596 4512 quidm
613 4429 717 4489 sicum
733 4426 900 4488 Silanorum
926 4423 1028 4484 statuis
1047 4437 1210 4498 compares,
1226 4418 1290 4494 qui-

77 4518 138 4576 bus
157 4522 336 4588 Alcibiades
358 4522 389 4583 in
405 4516 567 4601 Symposio
582 4514 737 4575 Socratem
752 4523 916 4594 corruperat,
932 4526 999 4589 quae
1013 4503 1087 4567 nillil
1101 4514 1188 4563 extra
1200 4500 1294 4561 babe-
