2790 4830
377 648 975 751 ononrnnnnacm

231 906 1125 1039 EPISTOLARUM

527 1242 835 1319 LlBERl.

81 1425 199 1513 HAEC
221 1464 293 1528 pars
306 1440 426 1509 Horatii
440 1444 618 1510 Sernronum
633 1446 709 1511 alter
721 1447 781 1511 dici
795 1459 901 1546 potest,
916 1444 1071 1508 continens
1089 1445 1239 1530 epistolas,
1253 1447 1284 1508 iu

102 1532 189 1592 uibus
210 1529 364 1611 eleganter
384 1544 415 1592 et
435 1532 540 1594 ornati
555 1533 675 1614 quidem
689 1533 729 1595 ad
744 1552 856 1594 amicos
871 1530 982 1607 scribit,
996 1551 1057 1591 non
1071 1546 1133 1592 tarn
1148 1532 1185 1593 de
1199 1532 1286 1593 rebus

81 1554 252 1677 lomesticis
275 1630 304 1675 et
321 1613 464 1691 sutilibus,
478 1615 567 1697 quim
582 1617 619 1678 de
633 1616 816 1717 grauimimis
829 1616 1003 1697 quibusque,
1018 1614 1091 1708 putri
1104 1615 1141 1676 de
1155 1616 1287 1677 moribus

27 1762 31 1781 ‚
82 1698 153 1759 uerri
173 1698 280 1759 virtute
293 1697 498 1761 informandis.
539 1698 651 1761 Merito
673 1701 766 1781 igitur
790 1698 941 1783 Sapientes
962 1695 1115 1779 Bputolar
1135 1712 1288 1779 nuncupat

83 1781 229 1863 Scaliger.
272 1780 409 1863 Quodsi
432 1804 552 1858 novum,
576 1798 607 1842 at
629 1784 709 1844 certis
723 1784 880 1865 pulchrum
902 1796 955 1857 est,
980 1780 1113 1840 uersibus
1136 1793 1166 1840 et
1187 1780 1289 1839 strictis

83 1866 219 1928 oratione
232 1865 360 1926 scribere
382 1867 526 1945 ejusmodi
541 1864 690 1946 epistolas.
734 1866 813 1927 Hinc
829 1868 935 1928 etenim
950 1878 980 1925 et
993 1864 1091 1943 major
1104 1861 1288 1923 familiaritas

83 1951 115 2010 in
138 1970 207 2010 suos
217 1948 323 2023 elucet,
337 1961 367 2009 et
380 1948 553 2009 nonnullam
569 1948 707 2009 scribenti
722 1948 886 2011 libertatern
901 1963 930 2009 et
941 1946 1141 2008 amoerritatem
1156 1946 1288 2006 tribuunt

82 2032 191 2095 Musae.
233 2031 282 2094 lta
295 2032 368 2094 sarri
383 2033 522 2114 quaedam
537 2030 652 2093 saciliirs
666 2047 851 2109 enarrantur,
865 2046 895 2094 et
909 2052 977 2115 quae
990 2052 1044 2113 per
1057 2051 1088 2091 se
1102 2030 1289 2110 austera,ju·

84 2119 210 2179 cundilas
222 2116 420 2200 excipiuntur.

84 2200 189 2261 Prima
212 2201 277 2262 lroec
300 2200 426 2283 epistola
439 2198 616 2262 lllaecenatis
638 2202 757 2264 hortatu
769 2202 880 2285 scripta
894 2200 965 2262 satis
979 2215 1113 2283 apparet,
1127 2199 1289 2283 etquidem

85 2300 173 2345 atate
182 2286 248 2363 jam
265 2297 408 2381 provecto
433 2284 524 2367 politi
538 2296 650 2346 nostro.
682 2285 719 2347 ln
733 2286 769 2348 eri
783 2286 1037 2369 reprehenduntur
1050 2284 1184 2346 homines
1198 2285 1291 2345 virtu·

85 2380 144 2425 tem
168 2368 331 2427 honoribus
344 2387 380 2427 ac
394 2367 505 2428 divitiis
519 2367 696 2449 posthabere
709 2370 788 2432 soliti
801 2385 831 2432 et
846 2391 914 2454 quoe
926 2370 965 2431 ad
976 2390 1095 2452 corpus,
1109 2369 1199 2450 quiam
1222 2386 1291 2449 quae

87 2450 126 2509 nal
149 2449 280 2509 animum
303 2462 445 2530 spectant,
460 2450 553 2512 rnultb
568 2453 725 2515 studiosiirs
738 2455 929 2536 inquirentes.
970 2452 1032 2515 lul.
1050 2452 1188 2531 Scaliger
1201 2450 1290 2511 Pota.

87 2532 138 2592 lib.
154 2532 194 2591 vi.
209 2552 380 2675 rp'ranquarn
394 2534 485 2593 durus
496 2534 571 2595 aliis
582 2537 754 2617 castigator,
764 2538 913 2600 nitidioris
927 2536 994 2620 styli
1008 2537 1114 2599 latetur
1125 2554 1187 2596 esse
1201 2532 1291 2630 Epis-

88 2616 173 2675 tolas.
249 2614 333 2689 rima,
354 2616 458 2697 inquit,
473 2618 574 2701 quaeis
587 2617 669 2682 melle
682 2620 796 2683 dulcior
809 2632 869 2683 est:
882 2619 1027 2681 sententia
1039 2618 1189 2703 apposita,
1204 2618 1291 2680 diet-io

88 2712 177 2773 carta,
192 2697 446 2775 rosellanam.
492 2700 681 2787 Quapropter
695 2704 823 2767 arbitror
838 2714 1015 2789 postremam
1028 2703 1154 2766 omnium
1168 2702 1292 2787 saetam,

83 2783 210 2866 primam
227 2781 356 2867 positam
370 2782 405 2845 ab
419 2782 592 2849 luculentam
605 2789 763 2850 raritatem.
811 2788 912 2874 Quare
925 2786 1011 2849 etium
1032 2786 1236 2871 Epistularum
1255 2787 1292 2851 li-

87 2866 170 2928 brum
185 2865 531 2953 Satirirportponemlum
544 2891 652 2934 ennea.
694 2870 734 2935 Id
746 2873 827 2957 qnod
840 2873 902 2935 cim
912 2870 945 2933 in
955 2872 1070 2933 vetustis
1084 2872 1292 2957 exemplaribus

86 2951 242 3028 rideamus,
256 2950 351 3014 nereio
410 2953 440 3015 'd
452 2952 568 3017 aemilii
579 2955 612 3017 in
625 2968 744 3020 mentem
755 2957 864 3020 amerit
876 2956 923 3032 iis,
939 2954 990 3041 qui
1002 2955 1147 3019 inventum
1164 2958 1294 3021 ordinem

85 3033 292 3097 subverterunt.
386 3038 537 3100 ammatiao
551 3038 628 3102 nilil
638 3040 790 3125 infelicius.
838 3040 936 3105 Credo
951 3040 1030 3122 qnid
1042 3040 1170 3102 aiamim
1184 3063 1292 3102 uersam

87 3117 178 3195 illum,
193 3118 309 3183 summi
319 3120 445 3184 ‹licende
456 3124 613 3186 camoenri:
628 3125 712 3207 quasi
722 3128 789 3188 ocri
801 3147 860 3187 non
872 3125 947 3186 liano
962 3123 1055 3204 qtrrom
1066 3122 1250 3207 intelligeret.
