<?xml version="1.0" encoding="UTF-8"?>
<!DOCTYPE html PUBLIC "-//W3C//DTD XHTML 1.0 Transitional//EN"
    "http://www.w3.org/TR/xhtml1/DTD/xhtml1-transitional.dtd">
<html xmlns="http://www.w3.org/1999/xhtml" xml:lang="en" lang="en">
 <head>
  <title>
</title>
<meta http-equiv="Content-Type" content="text/html;charset=utf-8" />
  <meta name='ocr-system' content='tesseract 3.04.00' />
  <meta name='ocr-capabilities' content='ocr_page ocr_carea ocr_par ocr_line ocrx_word'/>
</head>
<body>
  <div class='ocr_page' id='page_1' title='image "./quintihoratiifl01horagoog_0320.png"; bbox 0 0 2790 4830; ppageno 0'>
   <div class='ocr_carea' id='block_1_1' title="bbox 506 190 1311 265">
    <p class='ocr_par' dir='ltr' id='par_1_1' title="bbox 506 190 1311 265">
     <span class='ocr_line' id='line_1_1' title="bbox 506 190 1311 265; baseline 0.015 -12"><span class='ocrx_word' id='word_1_1' title='bbox 506 190 689 257; x_wconf 78' lang='lat' dir='ltr'><strong><em>DncERfl</em></strong></span> <span class='ocrx_word' id='word_1_2' title='bbox 712 190 959 258; x_wconf 83' lang='lat' dir='ltr'><strong><em>PRAEFATIO.</em></strong></span> <span class='ocrx_word' id='word_1_3' title='bbox 1249 200 1311 265; x_wconf 74' lang='lat'><strong><em>808</em></strong></span> 
     </span>
    </p>
   </div>
   <div class='ocr_carea' id='block_1_2' title="bbox 111 335 1310 499">
    <p class='ocr_par' dir='ltr' id='par_1_2' title="bbox 111 335 1310 499">
     <span class='ocr_line' id='line_1_2' title="bbox 114 335 1310 435; baseline 0.003 -34"><span class='ocrx_word' id='word_1_4' title='bbox 114 354 171 401; x_wconf 87' lang='lat' dir='ltr'><strong><em>tate</em></strong></span> <span class='ocrx_word' id='word_1_5' title='bbox 183 361 225 401; x_wconf 87' lang='lat' dir='ltr'><strong><em>res</em></strong></span> <span class='ocrx_word' id='word_1_6' title='bbox 239 340 353 403; x_wconf 88' lang='lat' dir='ltr'><strong><em>Satura</em></strong></span> <span class='ocrx_word' id='word_1_7' title='bbox 365 335 530 399; x_wconf 63' lang='lat' dir='ltr'><strong><em>enodatur.</em></strong></span> <span class='ocrx_word' id='word_1_8' title='bbox 558 336 648 435; x_wconf 58' lang='lat' dir='ltr'><strong><em>Cujus</em></strong></span> <span class='ocrx_word' id='word_1_9' title='bbox 657 341 775 424; x_wconf 86' lang='lat' dir='ltr'><strong><em>generis</em></strong></span> <span class='ocrx_word' id='word_1_10' title='bbox 788 340 920 403; x_wconf 87' lang='lat' dir='ltr'><strong><em>lancium</em></strong></span> <span class='ocrx_word' id='word_1_11' title='bbox 934 350 961 401; x_wconf 83' lang='lat' dir='ltr'><strong><em>at</em></strong></span> <span class='ocrx_word' id='word_1_12' title='bbox 976 337 1124 425; x_wconf 71' lang='lat' dir='ltr'><strong><em>Virgilius</em></strong></span> <span class='ocrx_word' id='word_1_13' title='bbox 1134 344 1167 407; x_wconf 91' lang='lat' dir='ltr'><strong><em>in</em></strong></span> <span class='ocrx_word' id='word_1_14' title='bbox 1182 342 1310 431; x_wconf 80' lang='lat' dir='ltr'><strong><em>Georgi·</em></strong></span> 
     </span>
     <span class='ocr_line' id='line_1_3' title="bbox 111 420 627 499; baseline 0.004 -14"><span class='ocrx_word' id='word_1_15' title='bbox 111 424 152 485; x_wconf 87' lang='lat' dir='ltr'><strong><em>eis</em></strong></span> <span class='ocrx_word' id='word_1_16' title='bbox 166 424 301 498; x_wconf 79' lang='lat' dir='ltr'><strong><em>meminit,</em></strong></span> <span class='ocrx_word' id='word_1_17' title='bbox 316 421 377 483; x_wconf 81' lang='lat' dir='ltr'><strong><em>cim</em></strong></span> <span class='ocrx_word' id='word_1_18' title='bbox 389 420 443 483; x_wconf 85' lang='lat' dir='ltr'><strong><em>luae</em></strong></span> <span class='ocrx_word' id='word_1_19' title='bbox 455 420 539 483; x_wconf 89' lang='lat' dir='ltr'><strong><em>moda</em></strong></span> <span class='ocrx_word' id='word_1_20' title='bbox 549 420 627 499; x_wconf 66' lang='lat' dir='ltr'><strong><em>dicut,</em></strong></span> 
     </span>
    </p>
   </div>
   <div class='ocr_carea' id='block_1_3' title="bbox 113 542 980 713">
    <p class='ocr_par' dir='ltr' id='par_1_3' title="bbox 113 542 980 713">
     <span class='ocr_line' id='line_1_4' title="bbox 276 542 980 629; baseline -0.001 -22"><span class='ocrx_word' id='word_1_21' title='bbox 276 542 426 607; x_wconf 81' lang='lat' dir='ltr'><strong><em>Lanciltns</em></strong></span> <span class='ocrx_word' id='word_1_22' title='bbox 439 554 466 605; x_wconf 90' lang='lat' dir='ltr'><strong><em>et</em></strong></span> <span class='ocrx_word' id='word_1_23' title='bbox 471 544 581 629; x_wconf 85' lang='lat' dir='ltr'><strong><em>pandis</em></strong></span> <span class='ocrx_word' id='word_1_24' title='bbox 586 544 737 629; x_wconf 76' lang='lat' dir='ltr'><strong><em>fumantia</em></strong></span> <span class='ocrx_word' id='word_1_25' title='bbox 747 546 893 609; x_wconf 81' lang='lat' dir='ltr'><strong><em>reddimus</em></strong></span> <span class='ocrx_word' id='word_1_26' title='bbox 907 556 980 607; x_wconf 79' lang='lat' dir='ltr'><strong><em>esta.</em></strong></span> 
     </span>
     <span class='ocr_line' id='line_1_5' title="bbox 113 626 760 713; baseline -0.005 -19"><span class='ocrx_word' id='word_1_27' title='bbox 113 631 156 695; x_wconf 87' lang='lat' dir='ltr'><strong><em>Et</em></strong></span> <span class='ocrx_word' id='word_1_28' title='bbox 272 626 502 713; x_wconf 54' lang='lat' dir='ltr'><strong><em>-lamerque</em></strong></span> <span class='ocrx_word' id='word_1_29' title='bbox 515 640 543 691; x_wconf 84' lang='lat' dir='ltr'><strong><em>et</em></strong></span> <span class='ocrx_word' id='word_1_30' title='bbox 555 628 617 690; x_wconf 84' lang='lat' dir='ltr'><strong><em>liba</em></strong></span> <span class='ocrx_word' id='word_1_31' title='bbox 622 628 760 709; x_wconf 73' lang='lat' dir='ltr'><strong><em>suemus.</em></strong></span> 
     </span>
    </p>
   </div>
   <div class='ocr_carea' id='block_1_4' title="bbox 41 750 1315 2756">
    <p class='ocr_par' dir='ltr' id='par_1_4' title="bbox 112 750 1313 1667">
     <span class='ocr_line' id='line_1_6' title="bbox 112 750 1310 839; baseline 0.003 -22"><span class='ocrx_word' id='word_1_32' title='bbox 112 754 265 837; x_wconf 74' lang='lat' dir='ltr'><strong><em>Deinceps</em></strong></span> <span class='ocrx_word' id='word_1_33' title='bbox 287 754 325 817; x_wconf 91' lang='lat' dir='ltr'><strong><em>ad</em></strong></span> <span class='ocrx_word' id='word_1_34' title='bbox 347 752 406 815; x_wconf 89' lang='lat' dir='ltr'><strong><em>alia</em></strong></span> <span class='ocrx_word' id='word_1_35' title='bbox 426 751 620 816; x_wconf 87' lang='lat' dir='ltr'><strong><em>miscellanea</em></strong></span> <span class='ocrx_word' id='word_1_36' title='bbox 633 752 776 815; x_wconf 68' lang='lat' dir='ltr'><strong><em>mandata</em></strong></span> <span class='ocrx_word' id='word_1_37' title='bbox 788 768 841 815; x_wconf 88' lang='lat' dir='ltr'><strong><em>est.</em></strong></span> <span class='ocrx_word' id='word_1_38' title='bbox 883 752 964 817; x_wconf 79' lang='lat' dir='ltr'><strong><em>Fest.</em></strong></span> <span class='ocrx_word' id='word_1_39' title='bbox 981 750 1082 816; x_wconf 89' lang='lat' dir='ltr'><strong><em>Satira</em></strong></span> <span class='ocrx_word' id='word_1_40' title='bbox 1096 752 1254 839; x_wconf 79' lang='lat' dir='ltr'><strong><em>sibigenus</em></strong></span> <span class='ocrx_word' id='word_1_41' title='bbox 1275 780 1310 821; x_wconf 82' lang='lat' dir='ltr'><strong><em>er</em></strong></span> 
     </span>
     <span class='ocr_line' id='line_1_7' title="bbox 113 834 1311 919; baseline 0 -18"><span class='ocrx_word' id='word_1_42' title='bbox 113 838 203 901; x_wconf 82' lang='lat' dir='ltr'><strong><em>uariis</em></strong></span> <span class='ocrx_word' id='word_1_43' title='bbox 217 836 298 899; x_wconf 82' lang='lat' dir='ltr'><strong><em>rebus</em></strong></span> <span class='ocrx_word' id='word_1_44' title='bbox 311 836 464 899; x_wconf 88' lang='lat' dir='ltr'><strong><em>eonditum.</em></strong></span> <span class='ocrx_word' id='word_1_45' title='bbox 507 834 656 915; x_wconf 79' lang='lat' dir='ltr'><strong><em>Migratn&#39;t</em></strong></span> <span class='ocrx_word' id='word_1_46' title='bbox 668 834 736 897; x_wconf 90' lang='lat' dir='ltr'><strong><em>inde</em></strong></span> <span class='ocrx_word' id='word_1_47' title='bbox 750 835 789 896; x_wconf 91' lang='lat' dir='ltr'><strong><em>ad</em></strong></span> <span class='ocrx_word' id='word_1_48' title='bbox 802 856 848 909; x_wconf 86' lang='lat' dir='ltr'><strong><em>ea,</em></strong></span> <span class='ocrx_word' id='word_1_49' title='bbox 862 856 930 917; x_wconf 84' lang='lat' dir='ltr'><strong><em>quae</em></strong></span> <span class='ocrx_word' id='word_1_50' title='bbox 944 838 1049 899; x_wconf 88' lang='lat' dir='ltr'><strong><em>mentis</em></strong></span> <span class='ocrx_word' id='word_1_51' title='bbox 1062 852 1092 899; x_wconf 91' lang='lat' dir='ltr'><strong><em>et</em></strong></span> <span class='ocrx_word' id='word_1_52' title='bbox 1102 838 1216 919; x_wconf 82' lang='lat' dir='ltr'><strong><em>ingenii</em></strong></span> <span class='ocrx_word' id='word_1_53' title='bbox 1227 854 1311 918; x_wconf 89' lang='lat' dir='ltr'><strong><em>suut;</em></strong></span> 
     </span>
     <span class='ocr_line' id='line_1_8' title="bbox 115 915 1310 1005; baseline 0 -22"><span class='ocrx_word' id='word_1_54' title='bbox 115 943 183 983; x_wconf 86' lang='lat' dir='ltr'><strong><em>narn</em></strong></span> <span class='ocrx_word' id='word_1_55' title='bbox 205 919 282 1005; x_wconf 87' lang='lat' dir='ltr'><strong><em>leges</em></strong></span> <span class='ocrx_word' id='word_1_56' title='bbox 304 920 430 983; x_wconf 80' lang='lat' dir='ltr'><strong><em>Saturus</em></strong></span> <span class='ocrx_word' id='word_1_57' title='bbox 453 918 672 1001; x_wconf 74' lang='lat' dir='ltr'><strong><em>nuncuparunt,</em></strong></span> <span class='ocrx_word' id='word_1_58' title='bbox 692 938 761 999; x_wconf 83' lang='lat' dir='ltr'><strong><em>quse</em></strong></span> <span class='ocrx_word' id='word_1_59' title='bbox 783 915 871 999; x_wconf 88' lang='lat' dir='ltr'><strong><em>plura</em></strong></span> <span class='ocrx_word' id='word_1_60' title='bbox 891 920 1000 1001; x_wconf 89' lang='lat' dir='ltr'><strong><em>capita,</em></strong></span> <span class='ocrx_word' id='word_1_61' title='bbox 1019 936 1070 981; x_wconf 87' lang='lat' dir='ltr'><strong><em>aut</em></strong></span> <span class='ocrx_word' id='word_1_62' title='bbox 1092 922 1190 1003; x_wconf 87' lang='lat' dir='ltr'><strong><em>plures</em></strong></span> <span class='ocrx_word' id='word_1_63' title='bbox 1212 922 1310 985; x_wconf 90' lang='lat' dir='ltr'><strong><em>titulos</em></strong></span> 
     </span>
     <span class='ocr_line' id='line_1_9' title="bbox 115 998 1312 1087; baseline -0.001 -20"><span class='ocrx_word' id='word_1_64' title='bbox 115 1004 396 1087; x_wconf 79' lang='lat' dir='ltr'><strong>complectebantur,</strong></span> <span class='ocrx_word' id='word_1_65' title='bbox 418 1016 452 1063; x_wconf 88' lang='lat' dir='ltr'><strong><em>ut</em></strong></span> <span class='ocrx_word' id='word_1_66' title='bbox 473 999 564 1085; x_wconf 80' lang='lat' dir='ltr'><strong><em>legem</em></strong></span> <span class='ocrx_word' id='word_1_67' title='bbox 585 998 710 1075; x_wconf 81' lang='lat' dir='ltr'><strong><em>Julian,</em></strong></span> <span class='ocrx_word' id='word_1_68' title='bbox 727 998 777 1059; x_wconf 89' lang='lat' dir='ltr'><strong><em>Pa</em></strong></span> <span class='ocrx_word' id='word_1_69' title='bbox 802 998 866 1074; x_wconf 73' lang='lat' dir='ltr'><strong><em>am,</em></strong></span> <span class='ocrx_word' id='word_1_70' title='bbox 881 1000 1052 1085; x_wconf 83' lang='lat' dir='ltr'><strong><em>Poppaam,</em></strong></span> <span class='ocrx_word' id='word_1_71' title='bbox 1090 1026 1138 1065; x_wconf 81' lang='lat' dir='ltr'><strong><em>ure</em></strong></span> <span class='ocrx_word' id='word_1_72' title='bbox 1160 1006 1312 1067; x_wconf 83' lang='lat' dir='ltr'>dicebatur</span> 
     </span>
     <span class='ocr_line' id='line_1_10' title="bbox 115 1027 1312 1172; baseline 0.002 -24"><span class='ocrx_word' id='word_1_73' title='bbox 115 1086 248 1165; x_wconf 87' lang='lat' dir='ltr'><strong><em>miscella,</em></strong></span> <span class='ocrx_word' id='word_1_74' title='bbox 274 1090 357 1172; x_wconf 92' lang='lat' dir='ltr'><strong><em>quod</em></strong></span> <span class='ocrx_word' id='word_1_75' title='bbox 370 1088 450 1147; x_wconf 90' lang='lat' dir='ltr'><strong><em>idem</em></strong></span> <span class='ocrx_word' id='word_1_76' title='bbox 465 1098 518 1159; x_wconf 87' lang='lat' dir='ltr'><strong><em>est,</em></strong></span> <span class='ocrx_word' id='word_1_77' title='bbox 533 1104 569 1143; x_wconf 87' lang='lat' dir='ltr'><strong><em>ac</em></strong></span> <span class='ocrx_word' id='word_1_78' title='bbox 585 1082 697 1144; x_wconf 84' lang='lat' dir='ltr'><strong><em>Satara</em></strong></span> <span class='ocrx_word' id='word_1_79' title='bbox 705 1106 718 1157; x_wconf 88' lang='lat'><strong><em>,·</em></strong></span> <span class='ocrx_word' id='word_1_80' title='bbox 733 1104 751 1144; x_wconf 92' lang='lat' dir='ltr'><strong><em>u</em></strong></span> <span class='ocrx_word' id='word_1_81' title='bbox 792 1082 956 1167; x_wconf 87' lang='lat' dir='ltr'><strong><em>eprolecta</em></strong></span> <span class='ocrx_word' id='word_1_82' title='bbox 969 1100 1013 1146; x_wconf 89' lang='lat' dir='ltr'><strong><em>est</em></strong></span> <span class='ocrx_word' id='word_1_83' title='bbox 1025 1100 1054 1145; x_wconf 90' lang='lat' dir='ltr'><strong><em>et</em></strong></span> <span class='ocrx_word' id='word_1_84' title='bbox 1064 1027 1117 1149; x_wconf 88' lang='lat' dir='ltr'><strong><em>illa</em></strong></span> <span class='ocrx_word' id='word_1_85' title='bbox 1128 1089 1240 1149; x_wconf 89' lang='lat' dir='ltr'><strong><em>locutio</em></strong></span> <span class='ocrx_word' id='word_1_86' title='bbox 1281 1110 1312 1151; x_wconf 89' lang='lat' dir='ltr'><strong><em>er</em></strong></span> 
     </span>
     <span class='ocr_line' id='line_1_11' title="bbox 117 1110 1312 1257; baseline 0.001 -24"><span class='ocrx_word' id='word_1_87' title='bbox 117 1172 254 1233; x_wconf 87' lang='lat' dir='ltr'><strong><em>Saturam</em></strong></span> <span class='ocrx_word' id='word_1_88' title='bbox 265 1172 356 1257; x_wconf 87' lang='lat' dir='ltr'><strong><em>legem</em></strong></span> <span class='ocrx_word' id='word_1_89' title='bbox 361 1167 455 1251; x_wconf 67' lang='lat' dir='ltr'><strong><em>fitne,</em></strong></span> <span class='ocrx_word' id='word_1_90' title='bbox 469 1168 538 1227; x_wconf 80' lang='lat' dir='ltr'><strong><em>cium</em></strong></span> <span class='ocrx_word' id='word_1_91' title='bbox 553 1186 614 1227; x_wconf 91' lang='lat' dir='ltr'><strong><em>non</em></strong></span> <span class='ocrx_word' id='word_1_92' title='bbox 628 1166 740 1247; x_wconf 79' lang='lat' dir='ltr'><strong><em>rogatis</em></strong></span> <span class='ocrx_word' id='word_1_93' title='bbox 753 1186 791 1227; x_wconf 80' lang='lat' dir='ltr'><strong><em>ex</em></strong></span> <span class='ocrx_word' id='word_1_94' title='bbox 802 1166 906 1230; x_wconf 85' lang='lat' dir='ltr'><strong><em>ordine</em></strong></span> <span class='ocrx_word' id='word_1_95' title='bbox 917 1166 1120 1247; x_wconf 89' lang='lat' dir='ltr'><strong><em>Senatoribus,</em></strong></span> <span class='ocrx_word' id='word_1_96' title='bbox 1133 1193 1193 1234; x_wconf 91' lang='lat' dir='ltr'><strong><em>non</em></strong></span> <span class='ocrx_word' id='word_1_97' title='bbox 1204 1110 1312 1233; x_wconf 64' lang='lat' dir='ltr'><strong><em>collic-</em></strong></span> 
     </span>
     <span class='ocr_line' id='line_1_12' title="bbox 116 1248 1313 1333; baseline 0.001 -16"><span class='ocrx_word' id='word_1_98' title='bbox 116 1258 162 1331; x_wconf 91' lang='lat' dir='ltr'><strong><em>tis,</em></strong></span> <span class='ocrx_word' id='word_1_99' title='bbox 181 1278 234 1317; x_wconf 90' lang='lat' dir='ltr'><strong><em>nec</em></strong></span> <span class='ocrx_word' id='word_1_100' title='bbox 247 1252 443 1317; x_wconf 80' lang='lat' dir='ltr'><strong><em>dinumeratis</em></strong></span> <span class='ocrx_word' id='word_1_101' title='bbox 455 1248 615 1323; x_wconf 77' lang='lat' dir='ltr'><strong><em>sententiis,</em></strong></span> <span class='ocrx_word' id='word_1_102' title='bbox 627 1268 728 1311; x_wconf 87' lang='lat' dir='ltr'><strong><em>omues</em></strong></span> <span class='ocrx_word' id='word_1_103' title='bbox 739 1250 825 1313; x_wconf 89' lang='lat' dir='ltr'><strong><em>simul</em></strong></span> <span class='ocrx_word' id='word_1_104' title='bbox 836 1266 866 1313; x_wconf 89' lang='lat' dir='ltr'><strong><em>et</em></strong></span> <span class='ocrx_word' id='word_1_105' title='bbox 876 1250 1044 1333; x_wconf 80' lang='lat' dir='ltr'><strong><em>promiscue</em></strong></span> <span class='ocrx_word' id='word_1_106' title='bbox 1056 1256 1228 1317; x_wconf 69' lang='lat' dir='ltr'><strong><em>mauritiano</em></strong></span> <span class='ocrx_word' id='word_1_107' title='bbox 1239 1256 1313 1317; x_wconf 87' lang='lat' dir='ltr'><strong><em>sere·</em></strong></span> 
     </span>
     <span class='ocr_line' id='line_1_13' title="bbox 115 1330 1313 1421; baseline 0 -20"><span class='ocrx_word' id='word_1_108' title='bbox 115 1344 197 1415; x_wconf 84' lang='lat' dir='ltr'><strong><em>batn,</em></strong></span> <span class='ocrx_word' id='word_1_109' title='bbox 209 1340 290 1421; x_wconf 91' lang='lat' dir='ltr'><strong><em>quod</em></strong></span> <span class='ocrx_word' id='word_1_110' title='bbox 300 1334 424 1419; x_wconf 77' lang='lat' dir='ltr'><strong><em>proprisi</em></strong></span> <span class='ocrx_word' id='word_1_111' title='bbox 438 1332 592 1395; x_wconf 76' lang='lat' dir='ltr'><strong><em>dicebatur</em></strong></span> <span class='ocrx_word' id='word_1_112' title='bbox 601 1354 655 1415; x_wconf 88' lang='lat' dir='ltr'><strong><em>per</em></strong></span> <span class='ocrx_word' id='word_1_113' title='bbox 667 1330 805 1395; x_wconf 80' lang='lat' dir='ltr'><strong><em>Saturam</em></strong></span> <span class='ocrx_word' id='word_1_114' title='bbox 818 1336 969 1397; x_wconf 90' lang='lat' dir='ltr'><strong><em>sententias</em></strong></span> <span class='ocrx_word' id='word_1_115' title='bbox 983 1336 1141 1419; x_wconf 69' lang='lat' dir='ltr'><strong><em>exquirere,</em></strong></span> <span class='ocrx_word' id='word_1_116' title='bbox 1153 1361 1212 1419; x_wconf 90' lang='lat' dir='ltr'><strong><em>quo</em></strong></span> <span class='ocrx_word' id='word_1_117' title='bbox 1222 1340 1313 1401; x_wconf 87' lang='lat' dir='ltr'><strong><em>modo</em></strong></span> 
     </span>
     <span class='ocr_line' id='line_1_14' title="bbox 117 1416 1313 1507; baseline -0.001 -22"><span class='ocrx_word' id='word_1_118' title='bbox 117 1438 184 1507; x_wconf 88' lang='lat' dir='ltr'><strong><em>post</em></strong></span> <span class='ocrx_word' id='word_1_119' title='bbox 199 1422 329 1485; x_wconf 76' lang='lat' dir='ltr'><strong><em>Laelium</em></strong></span> <span class='ocrx_word' id='word_1_120' title='bbox 343 1419 459 1479; x_wconf 87' lang='lat' dir='ltr'><strong><em>locutus</em></strong></span> <span class='ocrx_word' id='word_1_121' title='bbox 472 1431 516 1479; x_wconf 87' lang='lat' dir='ltr'><strong><em>est</em></strong></span> <span class='ocrx_word' id='word_1_122' title='bbox 527 1416 694 1479; x_wconf 84' lang='lat' dir='ltr'><strong><em>Sallustius.</em></strong></span> <span class='ocrx_word' id='word_1_123' title='bbox 714 1416 821 1499; x_wconf 84' lang='lat' dir='ltr'><strong><em>Neque</em></strong></span> <span class='ocrx_word' id='word_1_124' title='bbox 834 1420 881 1481; x_wconf 88' lang='lat' dir='ltr'><strong><em>bic</em></strong></span> <span class='ocrx_word' id='word_1_125' title='bbox 897 1419 1107 1497; x_wconf 82' lang='lat' dir='ltr'><strong><em>constitemrut3</em></strong></span> <span class='ocrx_word' id='word_1_126' title='bbox 1121 1422 1210 1483; x_wconf 88' lang='lat' dir='ltr'><strong><em>etiam</em></strong></span> <span class='ocrx_word' id='word_1_127' title='bbox 1224 1422 1313 1485; x_wconf 87' lang='lat' dir='ltr'><strong><em>libros</em></strong></span> 
     </span>
     <span class='ocr_line' id='line_1_15' title="bbox 117 1500 1313 1589; baseline 0.001 -20"><span class='ocrx_word' id='word_1_128' title='bbox 117 1506 263 1589; x_wconf 88' lang='lat' dir='ltr'><strong><em>quosdam</em></strong></span> <span class='ocrx_word' id='word_1_129' title='bbox 287 1502 396 1585; x_wconf 81' lang='lat' dir='ltr'><strong><em>biscop</em></strong></span> <span class='ocrx_word' id='word_1_130' title='bbox 446 1500 555 1563; x_wconf 85' lang='lat' dir='ltr'><strong><em>latione</em></strong></span> <span class='ocrx_word' id='word_1_131' title='bbox 567 1501 793 1583; x_wconf 79' lang='lat' dir='ltr'><strong><em>insigniverunt,</em></strong></span> <span class='ocrx_word' id='word_1_132' title='bbox 807 1516 839 1563; x_wconf 89' lang='lat' dir='ltr'><strong><em>ut</em></strong></span> <span class='ocrx_word' id='word_1_133' title='bbox 852 1502 1031 1565; x_wconf 81' lang='lat' dir='ltr'><strong><em>Pescennius</em></strong></span> <span class='ocrx_word' id='word_1_134' title='bbox 1046 1502 1160 1583; x_wconf 83' lang='lat' dir='ltr'><strong><em>Festus,</em></strong></span> <span class='ocrx_word' id='word_1_135' title='bbox 1175 1508 1224 1589; x_wconf 88' lang='lat' dir='ltr'><strong><em>qui</em></strong></span> <span class='ocrx_word' id='word_1_136' title='bbox 1238 1506 1313 1571; x_wconf 86' lang='lat' dir='ltr'><strong><em>His·</em></strong></span> 
     </span>
     <span class='ocr_line' id='line_1_16' title="bbox 117 1582 832 1667; baseline -0.004 -16"><span class='ocrx_word' id='word_1_137' title='bbox 117 1590 210 1652; x_wconf 86' lang='lat' dir='ltr'><strong><em>torias</em></strong></span> <span class='ocrx_word' id='word_1_138' title='bbox 224 1586 381 1649; x_wconf 74' lang='lat' dir='ltr'><strong><em>Saturast</em></strong></span> <span class='ocrx_word' id='word_1_139' title='bbox 420 1606 476 1667; x_wconf 82' lang='lat' dir='ltr'><strong><em>per</em></strong></span> <span class='ocrx_word' id='word_1_140' title='bbox 490 1582 627 1646; x_wconf 80' lang='lat' dir='ltr'><strong><em>Saturam</em></strong></span> <span class='ocrx_word' id='word_1_141' title='bbox 641 1586 727 1647; x_wconf 89' lang='lat' dir='ltr'><strong><em>nobis</em></strong></span> <span class='ocrx_word' id='word_1_142' title='bbox 740 1586 832 1649; x_wconf 89' lang='lat' dir='ltr'><strong><em>dedit.</em></strong></span> 
     </span>
    </p>

    <p class='ocr_par' dir='ltr' id='par_1_5' title="bbox 113 1663 1315 2487">
     <span class='ocr_line' id='line_1_17' title="bbox 160 1663 1313 1767; baseline 0.003 -32"><span class='ocrx_word' id='word_1_143' title='bbox 160 1672 211 1735; x_wconf 80' lang='lat' dir='ltr'><strong><em>Eu</em></strong></span> <span class='ocrx_word' id='word_1_144' title='bbox 233 1672 278 1733; x_wconf 89' lang='lat' dir='ltr'><strong><em>bis</em></strong></span> <span class='ocrx_word' id='word_1_145' title='bbox 292 1669 427 1767; x_wconf 80' lang='lat' dir='ltr'><strong><em>omnibus</em></strong></span> <span class='ocrx_word' id='word_1_146' title='bbox 441 1668 584 1751; x_wconf 87' lang='lat' dir='ltr'><strong><em>exemplis</em></strong></span> <span class='ocrx_word' id='word_1_147' title='bbox 606 1668 687 1765; x_wconf 84' lang='lat' dir='ltr'><strong><em>sacili</em></strong></span> <span class='ocrx_word' id='word_1_148' title='bbox 707 1663 779 1752; x_wconf 86' lang='lat' dir='ltr'><strong><em>quis¹</em></strong></span> <span class='ocrx_word' id='word_1_149' title='bbox 788 1670 908 1753; x_wconf 80' lang='lat' dir='ltr'><strong><em>tregotio</em></strong></span> <span class='ocrx_word' id='word_1_150' title='bbox 921 1671 978 1731; x_wconf 88' lang='lat' dir='ltr'><strong><em>sibi</em></strong></span> <span class='ocrx_word' id='word_1_151' title='bbox 990 1672 1179 1755; x_wconf 86' lang='lat' dir='ltr'><strong><em>persuadebit</em></strong></span> <span class='ocrx_word' id='word_1_152' title='bbox 1193 1672 1313 1737; x_wconf 86' lang='lat' dir='ltr'><strong><em>Horatii</em></strong></span> 
     </span>
     <span class='ocr_line' id='line_1_18' title="bbox 116 1752 1313 1935; baseline 0.003 -34"><span class='ocrx_word' id='word_1_153' title='bbox 116 1752 1313 1935; x_wconf 54' lang='lat' dir='ltr'><strong><em>tlttlltlttttttlt‘ltlllttlt.&#39;tlt&#39;llntll.*altsteti</em></strong></span> 
     </span>
     <span class='ocr_line' id='line_1_19' title="bbox 113 1918 1314 2008; baseline -0.002 -22"><span class='ocrx_word' id='word_1_154' title='bbox 113 1946 151 1987; x_wconf 84' lang='lat' dir='ltr'><strong><em>ex</em></strong></span> <span class='ocrx_word' id='word_1_155' title='bbox 166 1938 251 2008; x_wconf 91' lang='lat' dir='ltr'><strong><em>parte</em></strong></span> <span class='ocrx_word' id='word_1_156' title='bbox 265 1942 369 1983; x_wconf 83' lang='lat' dir='ltr'><strong><em>ueruto</em></strong></span> <span class='ocrx_word' id='word_1_157' title='bbox 382 1936 443 1983; x_wconf 85' lang='lat' dir='ltr'><strong><em>est:</em></strong></span> <span class='ocrx_word' id='word_1_158' title='bbox 457 1940 532 1982; x_wconf 83' lang='lat' dir='ltr'><strong><em>cave</em></strong></span> <span class='ocrx_word' id='word_1_159' title='bbox 545 1918 622 1981; x_wconf 80' lang='lat' dir='ltr'><strong><em>etum</em></strong></span> <span class='ocrx_word' id='word_1_160' title='bbox 633 1934 728 2003; x_wconf 87' lang='lat' dir='ltr'><strong><em>putes,</em></strong></span> <span class='ocrx_word' id='word_1_161' title='bbox 740 1942 843 1982; x_wconf 83' lang='lat' dir='ltr'><strong><em>vocem</em></strong></span> <span class='ocrx_word' id='word_1_162' title='bbox 855 1920 943 1983; x_wconf 89' lang='lat' dir='ltr'><strong><em>nullis</em></strong></span> <span class='ocrx_word' id='word_1_163' title='bbox 953 1920 1201 1981; x_wconf 74' lang='lat' dir='ltr'><strong><em>rtroercedentibus</em></strong></span> <span class='ocrx_word' id='word_1_164' title='bbox 1212 1926 1314 2003; x_wconf 84' lang='lat' dir='ltr'><strong><em>gradi-</em></strong></span> 
     </span>
     <span class='ocr_line' id='line_1_20' title="bbox 114 2004 1314 2089; baseline -0.001 -22"><span class='ocrx_word' id='word_1_165' title='bbox 114 2012 178 2085; x_wconf 89' lang='lat' dir='ltr'><strong><em>bus,</em></strong></span> <span class='ocrx_word' id='word_1_166' title='bbox 192 2007 243 2089; x_wconf 74' lang='lat' dir='ltr'><strong><em>spui</em></strong></span> <span class='ocrx_word' id='word_1_167' title='bbox 259 2006 414 2068; x_wconf 84' lang='lat' dir='ltr'><strong><em>transitum</em></strong></span> <span class='ocrx_word' id='word_1_168' title='bbox 449 2006 604 2079; x_wconf 71' lang='lat' dir='ltr'><strong><em>ruberent,</em></strong></span> <span class='ocrx_word' id='word_1_169' title='bbox 615 2004 713 2065; x_wconf 88' lang='lat' dir='ltr'><strong><em>statim</em></strong></span> <span class='ocrx_word' id='word_1_170' title='bbox 726 2004 783 2064; x_wconf 86' lang='lat' dir='ltr'><strong><em>buc</em></strong></span> <span class='ocrx_word' id='word_1_171' title='bbox 795 2004 972 2065; x_wconf 82' lang='lat' dir='ltr'><strong><em>deductam:</em></strong></span> <span class='ocrx_word' id='word_1_172' title='bbox 986 2004 1048 2085; x_wconf 90' lang='lat' dir='ltr'><strong><em>ejus</em></strong></span> <span class='ocrx_word' id='word_1_173' title='bbox 1060 2004 1249 2083; x_wconf 79' lang='lat' dir='ltr'><strong><em>migrationes</em></strong></span> <span class='ocrx_word' id='word_1_174' title='bbox 1262 2028 1314 2067; x_wconf 91' lang='lat' dir='ltr'><strong><em>an-</em></strong></span> 
     </span>
     <span class='ocr_line' id='line_1_21' title="bbox 115 2026 1314 2173; baseline -0.004 -19"><span class='ocrx_word' id='word_1_175' title='bbox 115 2094 257 2173; x_wconf 86' lang='lat' dir='ltr'><strong><em>tiquiores</em></strong></span> <span class='ocrx_word' id='word_1_176' title='bbox 270 2102 356 2151; x_wconf 91' lang='lat' dir='ltr'><strong><em>erant</em></strong></span> <span class='ocrx_word' id='word_1_177' title='bbox 370 2088 401 2149; x_wconf 91' lang='lat' dir='ltr'><strong><em>in</em></strong></span> <span class='ocrx_word' id='word_1_178' title='bbox 415 2026 489 2151; x_wconf 74' lang='lat' dir='ltr'><strong><em>altas</em></strong></span> <span class='ocrx_word' id='word_1_179' title='bbox 502 2108 559 2161; x_wconf 82' lang='lat' dir='ltr'><strong><em>res,</em></strong></span> <span class='ocrx_word' id='word_1_180' title='bbox 570 2106 642 2167; x_wconf 88' lang='lat' dir='ltr'><strong><em>quas</em></strong></span> <span class='ocrx_word' id='word_1_181' title='bbox 655 2086 851 2171; x_wconf 83' lang='lat' dir='ltr'><strong><em>propinquius</em></strong></span> <span class='ocrx_word' id='word_1_182' title='bbox 862 2085 987 2149; x_wconf 86' lang='lat' dir='ltr'><strong><em>Horatii</em></strong></span> <span class='ocrx_word' id='word_1_183' title='bbox 998 2086 1148 2148; x_wconf 83' lang='lat' dir='ltr'><strong><em>Sermones</em></strong></span> <span class='ocrx_word' id='word_1_184' title='bbox 1159 2090 1314 2171; x_wconf 77' lang='lat' dir='ltr'><strong><em>continge-</em></strong></span> 
     </span>
     <span class='ocr_line' id='line_1_22' title="bbox 115 2168 1315 2255; baseline -0.002 -17"><span class='ocrx_word' id='word_1_185' title='bbox 115 2190 189 2238; x_wconf 89' lang='lat' dir='ltr'><strong><em>rent.</em></strong></span> <span class='ocrx_word' id='word_1_186' title='bbox 233 2175 283 2237; x_wconf 81' lang='lat' dir='ltr'><strong><em>nd</em></strong></span> <span class='ocrx_word' id='word_1_187' title='bbox 307 2192 398 2255; x_wconf 87' lang='lat' dir='ltr'><strong><em>quam</em></strong></span> <span class='ocrx_word' id='word_1_188' title='bbox 413 2192 474 2233; x_wconf 87' lang='lat' dir='ltr'><strong><em>rem</em></strong></span> <span class='ocrx_word' id='word_1_189' title='bbox 487 2168 696 2253; x_wconf 83' lang='lat' dir='ltr'><strong><em>explicandam</em></strong></span> <span class='ocrx_word' id='word_1_190' title='bbox 715 2172 782 2250; x_wconf 90' lang='lat' dir='ltr'><strong><em>jam</em></strong></span> <span class='ocrx_word' id='word_1_191' title='bbox 797 2170 991 2251; x_wconf 78' lang='lat' dir='ltr'><strong><em>accingimur,</em></strong></span> <span class='ocrx_word' id='word_1_192' title='bbox 1004 2192 1071 2231; x_wconf 90' lang='lat' dir='ltr'><strong><em>eum</em></strong></span> <span class='ocrx_word' id='word_1_193' title='bbox 1086 2172 1212 2233; x_wconf 89' lang='lat' dir='ltr'><strong><em>secuturi</em></strong></span> <span class='ocrx_word' id='word_1_194' title='bbox 1234 2174 1315 2235; x_wconf 91' lang='lat' dir='ltr'><strong><em>ordi·</em></strong></span> 
     </span>
     <span class='ocr_line' id='line_1_23' title="bbox 118 2252 1314 2341; baseline 0 -22"><span class='ocrx_word' id='word_1_195' title='bbox 118 2282 196 2333; x_wconf 83' lang='lat' dir='ltr'><strong><em>mur,</em></strong></span> <span class='ocrx_word' id='word_1_196' title='bbox 210 2258 260 2341; x_wconf 91' lang='lat' dir='ltr'><strong><em>qui</em></strong></span> <span class='ocrx_word' id='word_1_197' title='bbox 276 2258 331 2341; x_wconf 89' lang='lat' dir='ltr'><strong><em>ipsi</em></strong></span> <span class='ocrx_word' id='word_1_198' title='bbox 346 2254 530 2317; x_wconf 89' lang='lat' dir='ltr'><strong><em>Casaubono</em></strong></span> <span class='ocrx_word' id='word_1_199' title='bbox 544 2252 575 2313; x_wconf 88' lang='lat' dir='ltr'><strong><em>iu</em></strong></span> <span class='ocrx_word' id='word_1_200' title='bbox 590 2270 714 2317; x_wconf 87' lang='lat' dir='ltr'><strong><em>mentem</em></strong></span> <span class='ocrx_word' id='word_1_201' title='bbox 730 2274 790 2315; x_wconf 90' lang='lat' dir='ltr'><strong><em>nou</em></strong></span> <span class='ocrx_word' id='word_1_202' title='bbox 805 2252 919 2313; x_wconf 82' lang='lat' dir='ltr'><strong><em>videtur</em></strong></span> <span class='ocrx_word' id='word_1_203' title='bbox 933 2254 1065 2329; x_wconf 70' lang='lat' dir='ltr'><strong><em>venisse,</em></strong></span> <span class='ocrx_word' id='word_1_204' title='bbox 1080 2254 1130 2333; x_wconf 88' lang='lat' dir='ltr'><strong><em>qui</em></strong></span> <span class='ocrx_word' id='word_1_205' title='bbox 1152 2276 1189 2335; x_wconf 91' lang='lat' dir='ltr'><strong><em>pe</em></strong></span> <span class='ocrx_word' id='word_1_206' title='bbox 1203 2278 1264 2317; x_wconf 91' lang='lat' dir='ltr'><strong><em>rem</em></strong></span> <span class='ocrx_word' id='word_1_207' title='bbox 1278 2258 1314 2319; x_wconf 80' lang='lat' dir='ltr'><strong><em>eiu</em></strong></span> 
     </span>
     <span class='ocr_line' id='line_1_24' title="bbox 117 2334 1313 2426; baseline -0.002 -23"><span class='ocrx_word' id='word_1_208' title='bbox 117 2346 184 2403; x_wconf 76' lang='lat' dir='ltr'><strong><em>lutee</em></strong></span> <span class='ocrx_word' id='word_1_209' title='bbox 207 2340 367 2426; x_wconf 79' lang='lat' dir='ltr'><strong><em>perfundit,</em></strong></span> <span class='ocrx_word' id='word_1_210' title='bbox 382 2352 415 2399; x_wconf 89' lang='lat' dir='ltr'><strong><em>ut</em></strong></span> <span class='ocrx_word' id='word_1_211' title='bbox 437 2338 519 2399; x_wconf 89' lang='lat' dir='ltr'><strong><em>uulla</em></strong></span> <span class='ocrx_word' id='word_1_212' title='bbox 542 2334 668 2417; x_wconf 88' lang='lat' dir='ltr'><strong><em>amplius</em></strong></span> <span class='ocrx_word' id='word_1_213' title='bbox 689 2338 829 2419; x_wconf 90' lang='lat' dir='ltr'><strong><em>cuiquam</em></strong></span> <span class='ocrx_word' id='word_1_214' title='bbox 851 2336 1034 2417; x_wconf 78' lang='lat' dir='ltr'><strong><em>relirmnatur</em></strong></span> <span class='ocrx_word' id='word_1_215' title='bbox 1056 2338 1096 2397; x_wconf 84' lang='lat' dir='ltr'><strong><em>ad</em></strong></span> <span class='ocrx_word' id='word_1_216' title='bbox 1138 2337 1313 2401; x_wconf 88' lang='lat' dir='ltr'><strong><em>ubitandum</em></strong></span> 
     </span>
     <span class='ocr_line' id='line_1_25' title="bbox 120 2440 253 2487; baseline 0.015 -2"><span class='ocrx_word' id='word_1_217' title='bbox 120 2440 253 2487; x_wconf 67' lang='lat' dir='ltr'><strong><em>strattona.</em></strong></span> 
     </span>
    </p>

    <p class='ocr_par' dir='ltr' id='par_1_6' title="bbox 41 2502 1315 2756">
     <span class='ocr_line' id='line_1_26' title="bbox 162 2502 1314 2585; baseline -0.002 -18"><span class='ocrx_word' id='word_1_218' title='bbox 162 2506 294 2569; x_wconf 84' lang='lat' dir='ltr'><strong><em>Romani</em></strong></span> <span class='ocrx_word' id='word_1_219' title='bbox 309 2506 375 2567; x_wconf 80' lang='lat' dir='ltr'><strong><em>edm</em></strong></span> <span class='ocrx_word' id='word_1_220' title='bbox 391 2502 624 2584; x_wconf 73' lang='lat' dir='ltr'><strong><em>quadringentos</em></strong></span> <span class='ocrx_word' id='word_1_221' title='bbox 638 2503 751 2567; x_wconf 86' lang='lat' dir='ltr'><strong><em>circiter</em></strong></span> <span class='ocrx_word' id='word_1_222' title='bbox 764 2524 859 2567; x_wconf 88' lang='lat' dir='ltr'><strong><em>anuos</em></strong></span> <span class='ocrx_word' id='word_1_223' title='bbox 873 2502 1014 2567; x_wconf 89' lang='lat' dir='ltr'><strong><em>Scenicos</em></strong></span> <span class='ocrx_word' id='word_1_224' title='bbox 1028 2506 1113 2567; x_wconf 90' lang='lat' dir='ltr'><strong><em>ludos</em></strong></span> <span class='ocrx_word' id='word_1_225' title='bbox 1134 2506 1314 2585; x_wconf 77' lang='lat' dir='ltr'><strong><em>ignorarent,</em></strong></span> 
     </span>
     <span class='ocr_line' id='line_1_27' title="bbox 41 2586 1315 2667; baseline -0.002 -15"><span class='ocrx_word' id='word_1_226' title='bbox 41 2620 58 2653; x_wconf 83' lang='lat'><strong><em>.·</em></strong></span> <span class='ocrx_word' id='word_1_227' title='bbox 122 2610 191 2651; x_wconf 82' lang='lat' dir='ltr'><strong><em>casu</em></strong></span> <span class='ocrx_word' id='word_1_228' title='bbox 206 2590 277 2649; x_wconf 88' lang='lat' dir='ltr'><strong><em>dum</em></strong></span> <span class='ocrx_word' id='word_1_229' title='bbox 292 2588 355 2647; x_wconf 71' lang='lat' dir='ltr'><strong><em>diet</em></strong></span> <span class='ocrx_word' id='word_1_230' title='bbox 368 2586 456 2647; x_wconf 65' lang='lat' dir='ltr'><strong><em>festos</em></strong></span> <span class='ocrx_word' id='word_1_231' title='bbox 470 2607 524 2667; x_wconf 68' lang='lat' dir='ltr'><strong><em>prr</em></strong></span> <span class='ocrx_word' id='word_1_232' title='bbox 536 2586 683 2647; x_wconf 63' lang='lat' dir='ltr'><strong><em>licentiam</em></strong></span> <span class='ocrx_word' id='word_1_233' title='bbox 696 2604 726 2653; x_wconf 85' lang='lat' dir='ltr'><strong><em>et</em></strong></span> <span class='ocrx_word' id='word_1_234' title='bbox 738 2588 889 2651; x_wconf 76' lang='lat' dir='ltr'><strong><em>lasciuiam</em></strong></span> <span class='ocrx_word' id='word_1_235' title='bbox 904 2588 1060 2667; x_wconf 72' lang='lat' dir='ltr'><strong><em>agitarent,</em></strong></span> <span class='ocrx_word' id='word_1_236' title='bbox 1074 2590 1105 2651; x_wconf 92' lang='lat' dir='ltr'><strong><em>iu</em></strong></span> <span class='ocrx_word' id='word_1_237' title='bbox 1128 2588 1239 2649; x_wconf 78' lang='lat' dir='ltr'><strong><em>Versus</em></strong></span> <span class='ocrx_word' id='word_1_238' title='bbox 1258 2588 1315 2650; x_wconf 90' lang='lat' dir='ltr'><strong><em>Sa-</em></strong></span> 
     </span>
     <span class='ocr_line' id='line_1_28' title="bbox 123 2668 1315 2756; baseline -0.001 -23"><span class='ocrx_word' id='word_1_239' title='bbox 123 2672 237 2733; x_wconf 91' lang='lat' dir='ltr'><strong><em>turnios</em></strong></span> <span class='ocrx_word' id='word_1_240' title='bbox 250 2685 280 2731; x_wconf 92' lang='lat' dir='ltr'><strong><em>et</em></strong></span> <span class='ocrx_word' id='word_1_241' title='bbox 292 2668 490 2731; x_wconf 86' lang='lat' dir='ltr'><strong><em>Fescenninos</em></strong></span> <span class='ocrx_word' id='word_1_242' title='bbox 504 2670 680 2747; x_wconf 88' lang='lat' dir='ltr'><strong><em>inciderunt,</em></strong></span> <span class='ocrx_word' id='word_1_243' title='bbox 693 2673 741 2753; x_wconf 89' lang='lat' dir='ltr'><strong><em>qui</em></strong></span> <span class='ocrx_word' id='word_1_244' title='bbox 758 2688 861 2756; x_wconf 85' lang='lat' dir='ltr'><strong><em>postea</em></strong></span> <span class='ocrx_word' id='word_1_245' title='bbox 871 2672 903 2733; x_wconf 90' lang='lat' dir='ltr'><strong><em>in</em></strong></span> <span class='ocrx_word' id='word_1_246' title='bbox 917 2672 1021 2733; x_wconf 88' lang='lat' dir='ltr'><strong><em>Scenis</em></strong></span> <span class='ocrx_word' id='word_1_247' title='bbox 1031 2694 1084 2755; x_wconf 91' lang='lat' dir='ltr'><strong><em>per</em></strong></span> <span class='ocrx_word' id='word_1_248' title='bbox 1097 2686 1215 2735; x_wconf 88' lang='lat' dir='ltr'><strong><em>centum</em></strong></span> <span class='ocrx_word' id='word_1_249' title='bbox 1229 2687 1258 2733; x_wconf 92' lang='lat' dir='ltr'><strong><em>et</em></strong></span> <span class='ocrx_word' id='word_1_250' title='bbox 1271 2674 1315 2733; x_wconf 79' lang='lat' dir='ltr'><strong><em>ri-</em></strong></span> 
     </span>
    </p>
   </div>
   <div class='ocr_carea' id='block_1_5' title="bbox 12 2752 786 2837">
    <p class='ocr_par' dir='ltr' id='par_1_7' title="bbox 12 2752 786 2837">
     <span class='ocr_line' id='line_1_29' title="bbox 12 2752 786 2837; baseline -0.004 -20"><span class='ocrx_word' id='word_1_251' title='bbox 12 2803 21 2829; x_wconf 88' lang='lat'><strong><em>,</em></strong></span> <span class='ocrx_word' id='word_1_252' title='bbox 123 2756 201 2837; x_wconf 78' lang='lat' dir='ltr'><strong><em>giuti</em></strong></span> <span class='ocrx_word' id='word_1_253' title='bbox 215 2754 277 2817; x_wconf 74' lang='lat' dir='ltr'><strong><em>ierit</em></strong></span> <span class='ocrx_word' id='word_1_254' title='bbox 292 2774 386 2815; x_wconf 78' lang='lat' dir='ltr'><strong><em>aanor</em></strong></span> <span class='ocrx_word' id='word_1_255' title='bbox 400 2752 497 2813; x_wconf 88' lang='lat' dir='ltr'><strong><em>locum</em></strong></span> <span class='ocrx_word' id='word_1_256' title='bbox 512 2774 596 2814; x_wconf 89' lang='lat' dir='ltr'><strong><em>suum</em></strong></span> <span class='ocrx_word' id='word_1_257' title='bbox 613 2754 698 2815; x_wconf 89' lang='lat' dir='ltr'><strong><em>tutati</em></strong></span> <span class='ocrx_word' id='word_1_258' title='bbox 711 2772 786 2819; x_wconf 86' lang='lat' dir='ltr'><strong><em>sunt.</em></strong></span> 
     </span>
    </p>
   </div>
   <div class='ocr_carea' id='block_1_6' title="bbox 118 2834 1317 3505">
    <p class='ocr_par' dir='ltr' id='par_1_8' title="bbox 118 2834 1317 3505">
     <span class='ocr_line' id='line_1_30' title="bbox 164 2834 1316 2923; baseline 0.002 -22"><span class='ocrx_word' id='word_1_259' title='bbox 164 2838 296 2912; x_wconf 78' lang='lat' dir='ltr'><strong><em>Fuerunt</em></strong></span> <span class='ocrx_word' id='word_1_260' title='bbox 308 2838 355 2899; x_wconf 86' lang='lat' dir='ltr'><strong><em>isti</em></strong></span> <span class='ocrx_word' id='word_1_261' title='bbox 371 2834 481 2898; x_wconf 79' lang='lat' dir='ltr'><strong><em>Versus</em></strong></span> <span class='ocrx_word' id='word_1_262' title='bbox 495 2838 621 2919; x_wconf 90' lang='lat' dir='ltr'><strong><em>impoliti</em></strong></span> <span class='ocrx_word' id='word_1_263' title='bbox 636 2853 665 2899; x_wconf 89' lang='lat' dir='ltr'><strong><em>et</em></strong></span> <span class='ocrx_word' id='word_1_264' title='bbox 676 2841 778 2919; x_wconf 81' lang='lat' dir='ltr'><strong><em>parium</em></strong></span> <span class='ocrx_word' id='word_1_265' title='bbox 793 2840 951 2916; x_wconf 89' lang='lat' dir='ltr'><strong><em>numerosi,</em></strong></span> <span class='ocrx_word' id='word_1_266' title='bbox 966 2852 1067 2923; x_wconf 93' lang='lat' dir='ltr'><strong><em>utpote</em></strong></span> <span class='ocrx_word' id='word_1_267' title='bbox 1081 2842 1235 2919; x_wconf 88' lang='lat' dir='ltr'><strong><em>subitanei,</em></strong></span> <span class='ocrx_word' id='word_1_268' title='bbox 1249 2855 1278 2904; x_wconf 90' lang='lat' dir='ltr'><strong><em>et</em></strong></span> <span class='ocrx_word' id='word_1_269' title='bbox 1297 2844 1316 2903; x_wconf 81' lang='lat' dir='ltr'><strong><em>is</em></strong></span> 
     </span>
     <span class='ocr_line' id='line_1_31' title="bbox 120 2920 1314 3021; baseline 0.002 -36"><span class='ocrx_word' id='word_1_270' title='bbox 120 2922 234 3021; x_wconf 84' lang='lat' dir='ltr'><strong><em>populo</em></strong></span> <span class='ocrx_word' id='word_1_271' title='bbox 248 2922 302 2983; x_wconf 88' lang='lat' dir='ltr'><strong><em>lusi</em></strong></span> <span class='ocrx_word' id='word_1_272' title='bbox 319 2922 414 2983; x_wconf 86' lang='lat' dir='ltr'><strong><em>adlruc</em></strong></span> <span class='ocrx_word' id='word_1_273' title='bbox 429 2920 495 2981; x_wconf 90' lang='lat' dir='ltr'><strong><em>rudi</em></strong></span> <span class='ocrx_word' id='word_1_274' title='bbox 510 2938 540 2982; x_wconf 88' lang='lat' dir='ltr'><strong><em>et</em></strong></span> <span class='ocrx_word' id='word_1_275' title='bbox 554 2923 672 3003; x_wconf 79' lang='lat' dir='ltr'><strong><em>agresti,</em></strong></span> <span class='ocrx_word' id='word_1_276' title='bbox 688 2922 794 3005; x_wconf 90' lang='lat' dir='ltr'><strong><em>quique</em></strong></span> <span class='ocrx_word' id='word_1_277' title='bbox 816 2946 877 2987; x_wconf 89' lang='lat' dir='ltr'><strong><em>nou</em></strong></span> <span class='ocrx_word' id='word_1_278' title='bbox 899 2924 989 2985; x_wconf 89' lang='lat' dir='ltr'><strong><em>alium</em></strong></span> <span class='ocrx_word' id='word_1_279' title='bbox 1011 2926 1185 3005; x_wconf 84' lang='lat' dir='ltr'><strong><em>magistrum</em></strong></span> <span class='ocrx_word' id='word_1_280' title='bbox 1207 2940 1314 3001; x_wconf 85' lang='lat' dir='ltr'><strong><em>nosset,</em></strong></span> 
     </span>
     <span class='ocr_line' id='line_1_32' title="bbox 119 3004 1315 3091; baseline 0.005 -24"><span class='ocrx_word' id='word_1_281' title='bbox 119 3030 208 3091; x_wconf 71' lang='lat' dir='ltr'><strong><em>spiram</em></strong></span> <span class='ocrx_word' id='word_1_282' title='bbox 224 3008 363 3071; x_wconf 87' lang='lat' dir='ltr'><strong><em>Cererem</em></strong></span> <span class='ocrx_word' id='word_1_283' title='bbox 377 3020 406 3067; x_wconf 89' lang='lat' dir='ltr'><strong><em>et</em></strong></span> <span class='ocrx_word' id='word_1_284' title='bbox 419 3004 587 3067; x_wconf 86' lang='lat' dir='ltr'><strong><em>Bacclrum.</em></strong></span> <span class='ocrx_word' id='word_1_285' title='bbox 631 3005 700 3067; x_wconf 89' lang='lat' dir='ltr'><strong><em>lloc</em></strong></span> <span class='ocrx_word' id='word_1_286' title='bbox 715 3028 807 3087; x_wconf 78' lang='lat' dir='ltr'><strong><em>genus</em></strong></span> <span class='ocrx_word' id='word_1_287' title='bbox 821 3007 959 3071; x_wconf 82' lang='lat' dir='ltr'><strong><em>carrninis</em></strong></span> <span class='ocrx_word' id='word_1_288' title='bbox 973 3009 1137 3091; x_wconf 88' lang='lat' dir='ltr'><strong><em>implebant</em></strong></span> <span class='ocrx_word' id='word_1_289' title='bbox 1150 3012 1315 3073; x_wconf 84' lang='lat' dir='ltr'><strong><em>cavillatio-</em></strong></span> 
     </span>
     <span class='ocr_line' id='line_1_33' title="bbox 118 3090 1316 3175; baseline 0.001 -21"><span class='ocrx_word' id='word_1_290' title='bbox 118 3116 169 3154; x_wconf 82' lang='lat' dir='ltr'><strong><em>nes</em></strong></span> <span class='ocrx_word' id='word_1_291' title='bbox 183 3106 214 3155; x_wconf 88' lang='lat' dir='ltr'><strong><em>et</em></strong></span> <span class='ocrx_word' id='word_1_292' title='bbox 226 3091 389 3175; x_wconf 90' lang='lat' dir='ltr'><strong><em>opprobria</em></strong></span> <span class='ocrx_word' id='word_1_293' title='bbox 407 3090 526 3165; x_wconf 85' lang='lat' dir='ltr'><strong><em>rustica,</em></strong></span> <span class='ocrx_word' id='word_1_294' title='bbox 542 3090 681 3153; x_wconf 82' lang='lat' dir='ltr'><strong><em>adhibitis</em></strong></span> <span class='ocrx_word' id='word_1_295' title='bbox 700 3090 980 3155; x_wconf 83' lang='lat' dir='ltr'><strong><em>Gesticulationibus</em></strong></span> <span class='ocrx_word' id='word_1_296' title='bbox 997 3108 1027 3153; x_wconf 89' lang='lat' dir='ltr'><strong><em>et</em></strong></span> <span class='ocrx_word' id='word_1_297' title='bbox 1043 3093 1258 3155; x_wconf 75' lang='lat' dir='ltr'><strong><em>saltationibus</em></strong></span> <span class='ocrx_word' id='word_1_298' title='bbox 1277 3096 1316 3155; x_wconf 91' lang='lat' dir='ltr'><strong><em>ri-</em></strong></span> 
     </span>
     <span class='ocr_line' id='line_1_34' title="bbox 118 3173 1316 3261; baseline 0 -24"><span class='ocrx_word' id='word_1_299' title='bbox 118 3178 232 3239; x_wconf 83' lang='lat' dir='ltr'><strong><em>diculis.</em></strong></span> <span class='ocrx_word' id='word_1_300' title='bbox 275 3174 354 3237; x_wconf 87' lang='lat' dir='ltr'><strong><em>Rem</em></strong></span> <span class='ocrx_word' id='word_1_301' title='bbox 369 3173 526 3255; x_wconf 74' lang='lat' dir='ltr'><strong><em>intelliges,</em></strong></span> <span class='ocrx_word' id='word_1_302' title='bbox 542 3174 565 3235; x_wconf 89' lang='lat' dir='ltr'><strong><em>si</em></strong></span> <span class='ocrx_word' id='word_1_303' title='bbox 580 3176 619 3237; x_wconf 95' lang='lat' dir='ltr'><strong><em>ob</em></strong></span> <span class='ocrx_word' id='word_1_304' title='bbox 634 3177 736 3237; x_wconf 86' lang='lat' dir='ltr'><strong><em>oculos</em></strong></span> <span class='ocrx_word' id='word_1_305' title='bbox 750 3176 803 3235; x_wconf 92' lang='lat' dir='ltr'><strong><em>tibi</em></strong></span> <span class='ocrx_word' id='word_1_306' title='bbox 814 3196 964 3261; x_wconf 86' lang='lat' dir='ltr'><strong><em>proponas</em></strong></span> <span class='ocrx_word' id='word_1_307' title='bbox 978 3178 1073 3236; x_wconf 88' lang='lat' dir='ltr'><strong><em>bonos</em></strong></span> <span class='ocrx_word' id='word_1_308' title='bbox 1087 3178 1124 3237; x_wconf 93' lang='lat' dir='ltr'><strong><em>de</em></strong></span> <span class='ocrx_word' id='word_1_309' title='bbox 1135 3198 1216 3259; x_wconf 80' lang='lat' dir='ltr'><strong><em>pago</em></strong></span> <span class='ocrx_word' id='word_1_310' title='bbox 1238 3178 1316 3237; x_wconf 91' lang='lat' dir='ltr'><strong><em>viros</em></strong></span> 
     </span>
     <span class='ocr_line' id='line_1_35' title="bbox 123 3258 1316 3343; baseline -0.002 -24"><span class='ocrx_word' id='word_1_311' title='bbox 123 3264 294 3325; x_wconf 86' lang='lat' dir='ltr'><strong><em>rusticorum</em></strong></span> <span class='ocrx_word' id='word_1_312' title='bbox 310 3279 393 3319; x_wconf 90' lang='lat' dir='ltr'><strong><em>more</em></strong></span> <span class='ocrx_word' id='word_1_313' title='bbox 406 3258 556 3334; x_wconf 84' lang='lat' dir='ltr'><strong><em>saltantes,</em></strong></span> <span class='ocrx_word' id='word_1_314' title='bbox 571 3280 633 3319; x_wconf 88' lang='lat' dir='ltr'><strong><em>sese</em></strong></span> <span class='ocrx_word' id='word_1_315' title='bbox 647 3258 750 3321; x_wconf 80' lang='lat' dir='ltr'><strong><em>mutuo</em></strong></span> <span class='ocrx_word' id='word_1_316' title='bbox 763 3259 998 3343; x_wconf 81' lang='lat' dir='ltr'><strong><em>extemporaneis</em></strong></span> <span class='ocrx_word' id='word_1_317' title='bbox 1012 3260 1153 3319; x_wconf 85' lang='lat' dir='ltr'><strong><em>conviciis</em></strong></span> <span class='ocrx_word' id='word_1_318' title='bbox 1171 3261 1316 3319; x_wconf 89' lang='lat' dir='ltr'><strong><em>insectan-</em></strong></span> 
     </span>
     <span class='ocr_line' id='line_1_36' title="bbox 126 3340 1317 3422; baseline -0.005 -17"><span class='ocrx_word' id='word_1_319' title='bbox 126 3354 177 3414; x_wconf 88' lang='lat' dir='ltr'><strong><em>tes,</em></strong></span> <span class='ocrx_word' id='word_1_320' title='bbox 187 3366 221 3405; x_wconf 91' lang='lat' dir='ltr'><strong><em>ea</em></strong></span> <span class='ocrx_word' id='word_1_321' title='bbox 243 3366 280 3407; x_wconf 92' lang='lat' dir='ltr'><strong><em>ue</em></strong></span> <span class='ocrx_word' id='word_1_322' title='bbox 295 3344 327 3403; x_wconf 85' lang='lat' dir='ltr'><strong><em>in</em></strong></span> <span class='ocrx_word' id='word_1_323' title='bbox 340 3340 420 3399; x_wconf 84' lang='lat' dir='ltr'><strong><em>uices</em></strong></span> <span class='ocrx_word' id='word_1_324' title='bbox 434 3360 470 3399; x_wconf 88' lang='lat' dir='ltr'><strong><em>ex</em></strong></span> <span class='ocrx_word' id='word_1_325' title='bbox 494 3344 643 3413; x_wconf 84' lang='lat' dir='ltr'><strong><em>robantes,</em></strong></span> <span class='ocrx_word' id='word_1_326' title='bbox 657 3362 783 3422; x_wconf 85' lang='lat' dir='ltr'><strong><em>quorum</em></strong></span> <span class='ocrx_word' id='word_1_327' title='bbox 798 3340 872 3405; x_wconf 84' lang='lat' dir='ltr'><strong><em>alius</em></strong></span> <span class='ocrx_word' id='word_1_328' title='bbox 886 3343 936 3407; x_wconf 91' lang='lat' dir='ltr'><strong><em>alii</em></strong></span> <span class='ocrx_word' id='word_1_329' title='bbox 951 3344 1062 3403; x_wconf 86' lang='lat' dir='ltr'><strong><em>conscii</em></strong></span> <span class='ocrx_word' id='word_1_330' title='bbox 1076 3358 1151 3403; x_wconf 89' lang='lat' dir='ltr'><strong><em>sunt.</em></strong></span> <span class='ocrx_word' id='word_1_331' title='bbox 1194 3340 1262 3402; x_wconf 94' lang='lat' dir='ltr'><strong><em>Hoc</em></strong></span> <span class='ocrx_word' id='word_1_332' title='bbox 1274 3358 1317 3401; x_wconf 85' lang='lat' dir='ltr'><strong><em>est</em></strong></span> 
     </span>
     <span class='ocr_line' id='line_1_37' title="bbox 128 3362 844 3505; baseline 0.013 -29"><span class='ocrx_word' id='word_1_333' title='bbox 128 3424 208 3499; x_wconf 74' lang='lat' dir='ltr'><strong><em>quod</em></strong></span> <span class='ocrx_word' id='word_1_334' title='bbox 219 3368 365 3491; x_wconf 82' lang='lat' dir='ltr'><strong><em>Horatius</em></strong></span> <span class='ocrx_word' id='word_1_335' title='bbox 380 3422 452 3483; x_wconf 89' lang='lat' dir='ltr'><strong><em>dicit</em></strong></span> <span class='ocrx_word' id='word_1_336' title='bbox 466 3362 562 3505; x_wconf 67' lang='lat' dir='ltr'><strong><em>lipist.</em></strong></span> <span class='ocrx_word' id='word_1_337' title='bbox 581 3432 608 3485; x_wconf 88' lang='lat'><strong><em>1.</em></strong></span> <span class='ocrx_word' id='word_1_338' title='bbox 622 3423 674 3485; x_wconf 92' lang='lat' dir='ltr'><strong><em>lib.</em></strong></span> <span class='ocrx_word' id='word_1_339' title='bbox 689 3428 757 3487; x_wconf 87' lang='lat' dir='ltr'><strong><em>ii.v.</em></strong></span> <span class='ocrx_word' id='word_1_340' title='bbox 777 3430 844 3486; x_wconf 80' lang='lat'><strong><em>145.</em></strong></span> 
     </span>
    </p>
   </div>
   <div class='ocr_carea' id='block_1_7' title="bbox 246 3544 991 3711">
    <p class='ocr_par' dir='ltr' id='par_1_9' title="bbox 246 3544 991 3711">
     <span class='ocr_line' id='line_1_38' title="bbox 246 3544 991 3625; baseline 0.003 -19"><span class='ocrx_word' id='word_1_341' title='bbox 246 3562 250 3570; x_wconf 91' lang='grc'><strong><em>·</em></strong></span> <span class='ocrx_word' id='word_1_342' title='bbox 287 3544 465 3611; x_wconf 82' lang='lat' dir='ltr'><strong><em>Feseertninn</em></strong></span> <span class='ocrx_word' id='word_1_343' title='bbox 476 3566 532 3625; x_wconf 85' lang='lat' dir='ltr'><strong><em>per</em></strong></span> <span class='ocrx_word' id='word_1_344' title='bbox 545 3544 618 3607; x_wconf 77' lang='lat' dir='ltr'><strong><em>itanc</em></strong></span> <span class='ocrx_word' id='word_1_345' title='bbox 632 3548 746 3608; x_wconf 83' lang='lat' dir='ltr'><strong><em>inuenta</em></strong></span> <span class='ocrx_word' id='word_1_346' title='bbox 760 3544 875 3608; x_wconf 87' lang='lat' dir='ltr'><strong><em>licentia</em></strong></span> <span class='ocrx_word' id='word_1_347' title='bbox 888 3568 991 3611; x_wconf 87' lang='lat' dir='ltr'><strong><em>morem</em></strong></span> 
     </span>
     <span class='ocr_line' id='line_1_39' title="bbox 258 3626 958 3711; baseline 0.01 -25"><span class='ocrx_word' id='word_1_348' title='bbox 258 3636 265 3653; x_wconf 94' lang='lat'><em>&#39;</em></span> <span class='ocrx_word' id='word_1_349' title='bbox 295 3630 431 3695; x_wconf 82' lang='lat' dir='ltr'><strong><em>Versibus</em></strong></span> <span class='ocrx_word' id='word_1_350' title='bbox 443 3626 562 3690; x_wconf 85' lang='lat' dir='ltr'><strong><em>alternis</em></strong></span> <span class='ocrx_word' id='word_1_351' title='bbox 576 3628 732 3711; x_wconf 84' lang='lat' dir='ltr'><strong><em>opprobria</em></strong></span> <span class='ocrx_word' id='word_1_352' title='bbox 747 3632 851 3691; x_wconf 87' lang='lat' dir='ltr'><strong><em>rustica</em></strong></span> <span class='ocrx_word' id='word_1_353' title='bbox 866 3630 958 3711; x_wconf 77' lang='lat' dir='ltr'><strong><em>fudit.</em></strong></span> 
     </span>
    </p>
   </div>
   <div class='ocr_carea' id='block_1_8' title="bbox 124 3744 1317 4585">
    <p class='ocr_par' dir='ltr' id='par_1_10' title="bbox 124 3744 1317 4585">
     <span class='ocr_line' id='line_1_40' title="bbox 129 3744 1316 3839; baseline 0.01 -32"><span class='ocrx_word' id='word_1_354' title='bbox 129 3744 280 3807; x_wconf 78' lang='lat' dir='ltr'><strong><em>lustenam</em></strong></span> <span class='ocrx_word' id='word_1_355' title='bbox 295 3744 368 3811; x_wconf 88' lang='lat' dir='ltr'><strong><em>hanc</em></strong></span> <span class='ocrx_word' id='word_1_356' title='bbox 381 3768 410 3813; x_wconf 90' lang='lat' dir='ltr'><strong><em>et</em></strong></span> <span class='ocrx_word' id='word_1_357' title='bbox 424 3755 614 3833; x_wconf 88' lang='lat' dir='ltr'><strong><em>impotentem</em></strong></span> <span class='ocrx_word' id='word_1_358' title='bbox 629 3752 776 3813; x_wconf 88' lang='lat' dir='ltr'><strong><em>licentiam</em></strong></span> <span class='ocrx_word' id='word_1_359' title='bbox 791 3753 905 3833; x_wconf 83' lang='lat' dir='ltr'><strong><em>excepit</em></strong></span> <span class='ocrx_word' id='word_1_360' title='bbox 918 3776 977 3816; x_wconf 90' lang='lat' dir='ltr'><strong><em>non</em></strong></span> <span class='ocrx_word' id='word_1_361' title='bbox 992 3754 1034 3815; x_wconf 87' lang='lat' dir='ltr'><strong><em>ita</em></strong></span> <span class='ocrx_word' id='word_1_362' title='bbox 1047 3754 1139 3819; x_wconf 77' lang='lat' dir='ltr'><strong><em>multi</em></strong></span> <span class='ocrx_word' id='word_1_363' title='bbox 1153 3756 1220 3839; x_wconf 79' lang='lat' dir='ltr'><strong><em>post</em></strong></span> <span class='ocrx_word' id='word_1_364' title='bbox 1242 3758 1316 3821; x_wconf 87' lang='lat' dir='ltr'><strong><em>alius</em></strong></span> 
     </span>
     <span class='ocr_line' id='line_1_41' title="bbox 130 3828 1317 3915; baseline 0.013 -27"><span class='ocrx_word' id='word_1_365' title='bbox 130 3828 249 3911; x_wconf 73' lang='lat' dir='ltr'><strong><em>generis</em></strong></span> <span class='ocrx_word' id='word_1_366' title='bbox 270 3848 397 3907; x_wconf 84' lang='lat' dir='ltr'><strong><em>carmen,</em></strong></span> <span class='ocrx_word' id='word_1_367' title='bbox 412 3832 584 3915; x_wconf 77' lang='lat' dir='ltr'><strong><em>castigatius</em></strong></span> <span class='ocrx_word' id='word_1_368' title='bbox 606 3836 722 3912; x_wconf 79' lang='lat' dir='ltr'><strong><em>quudem</em></strong></span> <span class='ocrx_word' id='word_1_369' title='bbox 747 3833 829 3909; x_wconf 86' lang='lat' dir='ltr'><strong><em>illud,</em></strong></span> <span class='ocrx_word' id='word_1_370' title='bbox 848 3838 896 3895; x_wconf 82' lang='lat' dir='ltr'><strong><em>sed</em></strong></span> <span class='ocrx_word' id='word_1_371' title='bbox 920 3842 1055 3899; x_wconf 79' lang='lat' dir='ltr'><strong><em>retertttm</em></strong></span> <span class='ocrx_word' id='word_1_372' title='bbox 1078 3840 1166 3902; x_wconf 59' lang='lat' dir='ltr'><strong><em>mam</em></strong></span> <span class='ocrx_word' id='word_1_373' title='bbox 1189 3842 1317 3905; x_wconf 90' lang='lat' dir='ltr'><strong><em>dicteriis</em></strong></span> 
     </span>
     <span class='ocr_line' id='line_1_42' title="bbox 130 3912 1317 4005; baseline 0.01 -32"><span class='ocrx_word' id='word_1_374' title='bbox 130 3912 170 3977; x_wconf 86' lang='lat' dir='ltr'><strong><em>ad</em></strong></span> <span class='ocrx_word' id='word_1_375' title='bbox 181 3912 360 3975; x_wconf 75' lang='lat' dir='ltr'><strong><em>movendum</em></strong></span> <span class='ocrx_word' id='word_1_376' title='bbox 372 3914 456 3981; x_wconf 70' lang='lat' dir='ltr'><strong><em>fisum</em></strong></span> <span class='ocrx_word' id='word_1_377' title='bbox 468 3918 658 3999; x_wconf 83' lang='lat' dir='ltr'><strong><em>comparatis,</em></strong></span> <span class='ocrx_word' id='word_1_378' title='bbox 669 3920 749 3999; x_wconf 88' lang='lat' dir='ltr'><strong><em>quod</em></strong></span> <span class='ocrx_word' id='word_1_379' title='bbox 760 3932 857 3979; x_wconf 88' lang='lat' dir='ltr'><strong><em>tamen</em></strong></span> <span class='ocrx_word' id='word_1_380' title='bbox 870 3920 941 3979; x_wconf 83' lang='lat' dir='ltr'><strong><em>nilril</em></strong></span> <span class='ocrx_word' id='word_1_381' title='bbox 954 3921 1141 4005; x_wconf 88' lang='lat' dir='ltr'><strong><em>turpitudinis</em></strong></span> <span class='ocrx_word' id='word_1_382' title='bbox 1153 3926 1317 3999; x_wconf 65' lang='lat' dir='ltr'><strong><em>admiserim</em></strong></span> 
     </span>
     <span class='ocr_line' id='line_1_43' title="bbox 130 3996 1316 4090; baseline 0.007 -33"><span class='ocrx_word' id='word_1_383' title='bbox 130 3996 296 4077; x_wconf 88' lang='lat' dir='ltr'><strong><em>comparuit</em></strong></span> <span class='ocrx_word' id='word_1_384' title='bbox 311 3996 367 4053; x_wconf 92' lang='lat' dir='ltr'><strong><em>hoc</em></strong></span> <span class='ocrx_word' id='word_1_385' title='bbox 378 4014 493 4079; x_wconf 82' lang='lat' dir='ltr'><strong><em>carmen</em></strong></span> <span class='ocrx_word' id='word_1_386' title='bbox 506 4003 560 4061; x_wconf 90' lang='lat' dir='ltr'><strong><em>sub</em></strong></span> <span class='ocrx_word' id='word_1_387' title='bbox 572 4000 682 4061; x_wconf 83' lang='lat' dir='ltr'><strong><em>Satirae</em></strong></span> <span class='ocrx_word' id='word_1_388' title='bbox 691 4002 810 4065; x_wconf 88' lang='lat' dir='ltr'><strong><em>nomine</em></strong></span> <span class='ocrx_word' id='word_1_389' title='bbox 822 4003 861 4062; x_wconf 88' lang='lat' dir='ltr'><strong><em>ob</em></strong></span> <span class='ocrx_word' id='word_1_390' title='bbox 873 4004 1041 4067; x_wconf 86' lang='lat' dir='ltr'><strong><em>varietatem</em></strong></span> <span class='ocrx_word' id='word_1_391' title='bbox 1054 4025 1136 4067; x_wconf 88' lang='lat' dir='ltr'><strong><em>suam</em></strong></span> <span class='ocrx_word' id='word_1_392' title='bbox 1150 4031 1158 4068; x_wconf 90' lang='lat'><strong>:</strong></span> <span class='ocrx_word' id='word_1_393' title='bbox 1173 4030 1240 4090; x_wconf 80' lang='lat' dir='ltr'><strong><em>quse</em></strong></span> <span class='ocrx_word' id='word_1_394' title='bbox 1251 4010 1316 4087; x_wconf 90' lang='lat' dir='ltr'><strong><em>qui·</em></strong></span> 
     </span>
     <span class='ocr_line' id='line_1_44' title="bbox 129 4078 1315 4171; baseline 0.006 -32"><span class='ocrx_word' id='word_1_395' title='bbox 129 4082 195 4139; x_wconf 88' lang='lat' dir='ltr'><strong><em>dem</em></strong></span> <span class='ocrx_word' id='word_1_396' title='bbox 209 4078 309 4139; x_wconf 86' lang='lat' dir='ltr'><strong><em>Satira</em></strong></span> <span class='ocrx_word' id='word_1_397' title='bbox 323 4087 418 4138; x_wconf 85' lang='lat' dir='ltr'><strong><em>certos</em></strong></span> <span class='ocrx_word' id='word_1_398' title='bbox 431 4080 531 4145; x_wconf 83' lang='lat' dir='ltr'><strong><em>babuit</em></strong></span> <span class='ocrx_word' id='word_1_399' title='bbox 544 4082 652 4158; x_wconf 84' lang='lat' dir='ltr'><strong><em>modes,</em></strong></span> <span class='ocrx_word' id='word_1_400' title='bbox 665 4082 686 4144; x_wconf 91' lang='lat' dir='ltr'><strong><em>i.</em></strong></span> <span class='ocrx_word' id='word_1_401' title='bbox 699 4104 726 4146; x_wconf 89' lang='lat' dir='ltr'><strong><em>e.</em></strong></span> <span class='ocrx_word' id='word_1_402' title='bbox 746 4084 888 4147; x_wconf 84' lang='lat' dir='ltr'><strong><em>musicum</em></strong></span> <span class='ocrx_word' id='word_1_403' title='bbox 910 4100 940 4149; x_wconf 89' lang='lat' dir='ltr'><strong><em>et</em></strong></span> <span class='ocrx_word' id='word_1_404' title='bbox 955 4105 1172 4171; x_wconf 69' lang='lat' dir='ltr'><strong><em>congruentem</em></strong></span> <span class='ocrx_word' id='word_1_405' title='bbox 1194 4106 1315 4161; x_wconf 86' lang='lat' dir='ltr'><strong><em>motum,</em></strong></span> 
     </span>
     <span class='ocr_line' id='line_1_45' title="bbox 130 4161 1315 4255; baseline 0.007 -33"><span class='ocrx_word' id='word_1_406' title='bbox 130 4163 266 4237; x_wconf 65' lang='lat' dir='ltr'><strong><em>relegatis</em></strong></span> <span class='ocrx_word' id='word_1_407' title='bbox 279 4161 410 4233; x_wconf 73' lang='lat' dir='ltr'><strong><em>aestubus</em></strong></span> <span class='ocrx_word' id='word_1_408' title='bbox 421 4162 513 4227; x_wconf 89' lang='lat' dir='ltr'><strong><em>minus</em></strong></span> <span class='ocrx_word' id='word_1_409' title='bbox 524 4167 660 4229; x_wconf 82' lang='lat' dir='ltr'><strong><em>honestis.</em></strong></span> <span class='ocrx_word' id='word_1_410' title='bbox 682 4164 769 4229; x_wconf 88' lang='lat' dir='ltr'><strong><em>Titus</em></strong></span> <span class='ocrx_word' id='word_1_411' title='bbox 786 4166 897 4244; x_wconf 80' lang='lat' dir='ltr'><strong><em>Livius,</em></strong></span> <span class='ocrx_word' id='word_1_412' title='bbox 907 4167 1024 4255; x_wconf 56' lang='lat' dir='ltr'><strong><em>dorsu.</em></strong></span> <span class='ocrx_word' id='word_1_413' title='bbox 1037 4192 1105 4255; x_wconf 81' lang='lat' dir='ltr'><strong><em>cap.</em></strong></span> <span class='ocrx_word' id='word_1_414' title='bbox 1118 4176 1148 4231; x_wconf 75' lang='lat'><em>2</em></span> <span class='ocrx_word' id='word_1_415' title='bbox 1165 4172 1201 4233; x_wconf 84' lang='lat' dir='ltr'><em>V</em></span> <span class='ocrx_word' id='word_1_416' title='bbox 1196 4192 1315 4231; x_wconf 71' lang='lat' dir='ltr'><strong><em>manere-</em></strong></span> 
     </span>
     <span class='ocr_line' id='line_1_46' title="bbox 129 4242 1317 4331; baseline 0.001 -19"><span class='ocrx_word' id='word_1_417' title='bbox 129 4246 165 4307; x_wconf 66' lang='lat' dir='ltr'><strong><em>lt&#39;t</em></strong></span> <span class='ocrx_word' id='word_1_418' title='bbox 180 4246 346 4327; x_wconf 72' lang='lat' dir='ltr'><strong><em>artificibus,</em></strong></span> <span class='ocrx_word' id='word_1_419' title='bbox 361 4244 430 4326; x_wconf 85' lang='lat' dir='ltr'><strong><em>quia</em></strong></span> <span class='ocrx_word' id='word_1_420' title='bbox 446 4242 542 4311; x_wconf 83' lang='lat' dir='ltr'><strong><em>Hister</em></strong></span> <span class='ocrx_word' id='word_1_421' title='bbox 559 4248 652 4311; x_wconf 83' lang='lat' dir='ltr'><strong><em>Tusco</em></strong></span> <span class='ocrx_word' id='word_1_422' title='bbox 668 4248 749 4311; x_wconf 80' lang='lat' dir='ltr'><strong><em>cerdo</em></strong></span> <span class='ocrx_word' id='word_1_423' title='bbox 765 4250 864 4313; x_wconf 71' lang='lat' dir='ltr'><strong><em>[studio</em></strong></span> <span class='ocrx_word' id='word_1_424' title='bbox 876 4252 1041 4331; x_wconf 70' lang='lat' dir='ltr'><strong><em>molatur,</em></strong></span> <span class='ocrx_word' id='word_1_425' title='bbox 1053 4274 1154 4317; x_wconf 75' lang='lat' dir='ltr'><strong><em>mmen</em></strong></span> <span class='ocrx_word' id='word_1_426' title='bbox 1167 4252 1317 4313; x_wconf 87' lang='lat' dir='ltr'><strong><em>histrioni-</em></strong></span> 
     </span>
     <span class='ocr_line' id='line_1_47' title="bbox 128 4328 1316 4409; baseline 0.011 -18"><span class='ocrx_word' id='word_1_427' title='bbox 128 4332 184 4391; x_wconf 90' lang='lat' dir='ltr'><strong><em>bus</em></strong></span> <span class='ocrx_word' id='word_1_428' title='bbox 201 4329 333 4403; x_wconf 87' lang='lat' dir='ltr'><strong><em>inditum,</em></strong></span> <span class='ocrx_word' id='word_1_429' title='bbox 348 4328 398 4409; x_wconf 80' lang='lat' dir='ltr'><strong><em>qui</em></strong></span> <span class='ocrx_word' id='word_1_430' title='bbox 412 4350 480 4401; x_wconf 86' lang='lat' dir='ltr'><strong><em>nort,</em></strong></span> <span class='ocrx_word' id='word_1_431' title='bbox 493 4330 563 4393; x_wconf 88' lang='lat' dir='ltr'><strong><em>sieut</em></strong></span> <span class='ocrx_word' id='word_1_432' title='bbox 577 4344 650 4407; x_wconf 90' lang='lat' dir='ltr'><strong><em>ante,</em></strong></span> <span class='ocrx_word' id='word_1_433' title='bbox 664 4332 840 4395; x_wconf 82' lang='lat' dir='ltr'><strong><em>Fescennino</em></strong></span> <span class='ocrx_word' id='word_1_434' title='bbox 863 4354 943 4399; x_wconf 73' lang='lat' dir='ltr'><strong><em>emsa</em></strong></span> <span class='ocrx_word' id='word_1_435' title='bbox 963 4333 1082 4399; x_wconf 69' lang='lat' dir='ltr'><strong><em>timim</em></strong></span> <span class='ocrx_word' id='word_1_436' title='bbox 1101 4336 1194 4395; x_wconf 71' lang='lat' dir='ltr'><strong><em>imm</em></strong></span> <span class='ocrx_word' id='word_1_437' title='bbox 1215 4334 1316 4393; x_wconf 54' lang='lat' dir='ltr'><strong><em>Ostium</em></strong></span> 
     </span>
     <span class='ocr_line' id='line_1_48' title="bbox 129 4354 1315 4511; baseline 0.019 -45"><span class='ocrx_word' id='word_1_438' title='bbox 129 4414 228 4477; x_wconf 68' lang='lat' dir='ltr'><strong><em>teniere&#39;</em></strong></span> <span class='ocrx_word' id='word_1_439' title='bbox 251 4434 285 4474; x_wconf 89' lang='lat' dir='ltr'><strong><em>ac</em></strong></span> <span class='ocrx_word' id='word_1_440' title='bbox 307 4412 404 4473; x_wconf 73' lang='lat' dir='ltr'><strong><em>stadem</em></strong></span> <span class='ocrx_word' id='word_1_441' title='bbox 419 4410 538 4473; x_wconf 85' lang='lat' dir='ltr'><strong><em>alternis</em></strong></span> <span class='ocrx_word' id='word_1_442' title='bbox 552 4414 707 4495; x_wconf 77' lang='lat' dir='ltr'><strong><em>jaciebant,</em></strong></span> <span class='ocrx_word' id='word_1_443' title='bbox 722 4416 771 4475; x_wconf 86' lang='lat' dir='ltr'><strong><em>sed</em></strong></span> <span class='ocrx_word' id='word_1_444' title='bbox 783 4418 913 4511; x_wconf 82' lang='lat' dir='ltr'><strong><em>impletos</em></strong></span> <span class='ocrx_word' id='word_1_445' title='bbox 924 4418 1017 4481; x_wconf 77' lang='lat' dir='ltr'><strong><em>nadis</em></strong></span> <span class='ocrx_word' id='word_1_446' title='bbox 1028 4416 1161 4489; x_wconf 63' lang='lat' dir='ltr'><strong><em>&amp;lumi</em></strong></span> <span class='ocrx_word' id='word_1_447' title='bbox 1175 4354 1315 4497; x_wconf 44' lang='lat' dir='ltr'><strong><em>‘dissipit’</em></strong></span> 
     </span>
     <span class='ocr_line' id='line_1_49' title="bbox 124 4492 1316 4585; baseline 0 -28"><span class='ocrx_word' id='word_1_448' title='bbox 124 4496 189 4577; x_wconf 82' lang='lat' dir='ltr'><strong><em>jam</em></strong></span> <span class='ocrx_word' id='word_1_449' title='bbox 202 4496 242 4559; x_wconf 83' lang='lat' dir='ltr'><strong><em>ad</em></strong></span> <span class='ocrx_word' id='word_1_450' title='bbox 255 4495 397 4559; x_wconf 82' lang='lat' dir='ltr'><strong><em>tibicinem</em></strong></span> <span class='ocrx_word' id='word_1_451' title='bbox 411 4508 506 4569; x_wconf 86' lang='lat' dir='ltr'><strong><em>cantu,</em></strong></span> <span class='ocrx_word' id='word_1_452' title='bbox 519 4510 650 4581; x_wconf 84' lang='lat' dir='ltr'><strong><em>metuque</em></strong></span> <span class='ocrx_word' id='word_1_453' title='bbox 663 4512 829 4585; x_wconf 76' lang='lat' dir='ltr'><strong><em>congruenti</em></strong></span> <span class='ocrx_word' id='word_1_454' title='bbox 848 4498 1038 4583; x_wconf 75' lang='lat' dir='ltr'><strong><em>peragebant.</em></strong></span> <span class='ocrx_word' id='word_1_455' title='bbox 1048 4492 1135 4557; x_wconf 73' lang='lat' dir='ltr'><strong><em>&#39;Non</em></strong></span> <span class='ocrx_word' id='word_1_456' title='bbox 1158 4496 1316 4559; x_wconf 80' lang='lat' dir='ltr'><strong><em>alludebat</em></strong></span> 
     </span>
    </p>
   </div>
   <div class='ocr_carea' id='block_1_9' title="bbox 0 0 1408 4830">
    <p class='ocr_par' dir='ltr' id='par_1_11' title="bbox 0 0 1408 4830">
     <span class='ocr_line' id='line_1_50' title="bbox 0 0 1408 4830; baseline 0 0"><span class='ocrx_word' id='word_1_457' title='bbox 0 0 1408 4830; x_wconf 95' lang='lat' dir='ltr'><strong><em> </em></strong></span> 
     </span>
    </p>
   </div>
  </div>
 </body>
</html>
