2790 4830
463 214 650 281 DACERll
672 214 922 281 PRAEFATIO.
1240 223 1301 285 30¹1

84 372 154 431 bant
166 369 295 451 pulchri,
304 364 381 427 nibil
394 366 503 441 orrrati,
512 376 544 427 at
556 364 580 424 si
592 364 658 425 illas
670 366 846 448 aperuisses,
857 363 990 425 onmium
1004 362 1138 427 Deorum
1150 364 1301 429 Deorum·

83 476 140 535 que
155 455 314 534 imagines,
337 449 509 512 detexisses.
552 449 601 511 Ad
615 470 684 511 eum
707 450 830 510 modum
846 470 877 509 se
891 448 979 509 nobis
1001 448 1123 509 exhibet
1136 450 1167 511 in
1193 452 1299 515 Satiris

84 535 241 611 Horatius,
257 534 333 595 nilril
345 554 488 615 magnum
502 554 567 617 prae
591 554 622 593 se
637 532 702 607 lert,
715 534 795 614 quod
819 554 875 595 nos
888 533 1021 593 detinere
1035 533 1144 594 debeat
1156 555 1164 593 t
1178 535 1299 616 dignior

82 623 201 683 videtur
215 640 288 693 esse,
301 617 351 700 qui
385 618 461 679 ueris
475 632 598 693 teratur,
612 638 702 697 quam
717 618 768 697 qui
782 618 864 679 riros
879 638 954 678 occu
978 631 1044 677 atos
1055 630 1174 677 teneat:
1188 621 1239 681 scd
1253 642 1298 683 se-

83 708 182 789 posito
198 701 275 778 velo,
290 718 319 763 et
332 640 462 765 Hiiratio
483 702 611 785 propiirs
626 700 770 781 inspecto,
784 702 918 763 omnium
934 638 1016 763 illico
1039 700 1189 763 Diuorum
1204 704 1299 767 oculis

84 812 114 850 se
130 791 271 868 ingerunt
284 786 440 869 imagines,
455 788 512 847 hoe
527 798 582 859 est,
597 804 700 844 omnes
713 785 847 859 virtutes,
862 785 901 846 ad
916 806 991 865 qrtas
1005 784 1125 847 assidue
1140 788 1300 849 exercendi

84 890 162 946 sunt,
176 872 226 951 qui
241 870 317 931 vitiis
329 872 389 931 suis
401 869 589 949 corrigendis
600 866 678 927 seriis
689 867 818 927 student.
849 866 954 929 Oculis
966 870 1071 950 partim
1085 868 1205 931 intentis
1216 868 1300 933 illum

85 958 250 1037 adspexere
264 956 390 1016 antehae
407 952 568 1029 rnortnles3
586 970 682 1031 neque
704 970 825 1031 possum
849 972 911 1012 non
933 954 1035 1013 mirari
1049 954 1166 1015 Satiras
1188 974 1243 1035 per
1256 966 1302 1017 tot

85 1038 186 1099 secula
200 1039 300 1115 lectas,
315 1054 407 1119 atque
427 1036 561 1110 relectas,
577 1034 682 1117 paucis
704 1032 866 1095 admodum
881 1034 970 1095 fuisse
992 1036 1166 1114 intellectas,
1181 1051 1235 1099 aut
1247 1058 1301 1101 ex·

85 1124 220 1206 plicatas.
263 1124 470 1185 Substiterunt
492 1120 523 1179 in
546 1118 612 1199 ipso
635 1116 757 1192 cortice,
772 1119 928 1199 verbisque
942 1117 1171 1201 interpretandis
1185 1122 1300 1199 intenti,

85 1207 159 1267 nilril
183 1208 259 1269 ultra
274 1206 408 1289 petiere:
423 1202 505 1283 quorl
520 1201 640 1281 quidem
655 1199 788 1261 lecerunt
799 1215 831 1264 ut
846 1200 1057 1265 Grammaticis
1079 1219 1222 1288 parerat,
1238 1228 1300 1269 non

86 1306 117 1351 nt
130 1290 342 1373 l'lrilosopltist
358 1285 449 1369 plani
462 1284 546 1367 quusi
560 1284 722 1367 scripsisset
735 1282 880 1347 Horatius
895 1286 990 1347 solirm
1006 1301 1038 1349 ut
1051 1290 1210 1352 verborum
1228 1312 1300 1355 con·

85 1374 294 1436 struemlorum
324 1372 471 1431 rationem
498 1368 675 1445 rideremus,
697 1370 882 1453 dedissetque
909 1372 996 1433 nobis
1023 1371 1134 1435 librum
1162 1374 1243 1437 horis
1268 1376 1300 1439 in

86 1458 200 1519 Selrolu
217 1456 364 1531 iallerrrlis,
376 1476 438 1515 non
452 1452 558 1517 animis
571 1452 610 1515 sul
626 1454 764 1515 virtutem
778 1454 951 1517 sunnanclis.
994 1455 1123 1521 Prorsus
1144 1458 1227 1521 aliud
1241 1460 1299 1523 sibi

86 1546 117 1604 in
129 1544 187 1603 lmc
203 1562 294 1623 opere
306 1554 502 1623 proposuerat
514 1536 622 1601 Poeta.
644 1534 786 1621 Namque
800 1540 867 1605 linis
881 1541 1041 1601 verborum
1055 1556 1100 1603 est
1113 1543 1202 1619 actio,
1214 1546 1299 1627 cujus

85 1628 176 1687 etiam
189 1626 287 1707 gratiri
299 1626 389 1685 rerba
401 1622 468 1705 ipsa
477 1622 596 1685 suerunt
605 1636 735 1703 reperta,
746 1625 817 1705 qut'e
828 1624 885 1685 nisi
893 1624 978 1685 illum
990 1640 1185 1707 assequantur
1197 1627 1297 1705 tinem,

87 1712 160 1771 nilril
170 1710 226 1771 nisi
236 1708 331 1769 sutiles
341 1707 426 1768 soni:
442 1728 527 1771 irrues
537 1706 657 1789 qrn'dem
667 1706 785 1783 seriturt,
796 1707 836 1769 ud
844 1710 976 1771 animum
986 1708 1058 1771 reris
1068 1730 1129 1771 non
1139 1710 1297 1793 pertinent.

125 1794 246 1855 Docere
259 1814 313 1855 nos
328 1791 423 1853 voluit
435 1791 585 1855 Horatius
596 1790 628 1853 in
642 1792 689 1853 nis
703 1792 822 1866 Satiris,
834 1806 940 1855 contra
953 1792 1027 1855 ritia
1041 1806 1144 1853 nostra
1157 1792 1297 1871 militare,

83 1878 205 1939 atl'ectus
228 1892 405 1959 temperare,
428 1893 568 1939 naturam
583 1874 614 1935 in
636 1875 851 1959 cupiditatibus
872 1876 1064 1938 moderandis
1083 1876 1189 1937 ducem
1203 1880 1297 1957 sequi,

82 1983 183 2023 rerum
200 1960 317 2037 asalso,
331 1976 362 2021 et
387 1960 508 2021 itrebus
532 1958 604 2041 ipsis
625 1978 726 2021 rerum
749 1958 861 2041 species
883 1962 1061 2035 discernere,
1084 1960 1298 2042 praejudicatas

81 2048 192 2107 temere
208 2046 366 2128 opiniones
381 2045 518 2124 abjicere,
535 2040 683 2127 principia
704 2054 735 2103 et
747 2064 854 2103 causas
868 2044 1019 2106 actionum
1043 2056 1211 2105 nostrarum
1229 2065 1298 2142 per·

81 2146 198 2213 spectus
210 2132 329 2205 babere,
343 2128 500 2190 ridiculam
513 2124 639 2207 (lenique
650 2146 755 2189 eorum
768 2126 964 2207 pertinaciam
977 2132 1100 2202 evitare,
1116 2126 1177 2208 qui,
1189 2130 1298 2209 quibus

82 2214 290 2293 arrrngistellis
304 2214 365 2273 suis
380 2210 573 2294 opinionibus
585 2208 688 2273 imbuti
700 2210 774 2274 olim
787 2209 916 2285 suerunt,
929 2210 965 2271 iis
975 2210 1126 2273 obstinati
1139 2210 1296 2291 iuhaereut,

83 2299 165 2358 nullis
189 2296 292 2359 habitis
314 2298 430 2359 ratione
445 2296 553 2375 quibus
576 2290 740 2357 innituntur
761 2292 981 2357 suntlaurentist
1004 2316 1065 2356 uno
1088 2296 1192 2371 verbo,
1206 2296 1238 2359 in
1259 2318 1297 2358 eo

84 2378 221 2441 elaborat
228 2380 259 2453 it,
274 2391 307 2440 nt
321 2400 375 2441 nos
390 2378 478 2440 uobis
490 2378 601 2451 selleca,
615 2378 717 2439 amieis
735 2376 890 2459 jucundos
904 2392 934 2439 et
947 2378 1058 2457 fideles,
1074 2378 1213 2440 omnibus
1231 2381 1297 2461 qni-

85 2462 209 2523 busenm
225 2461 362 2535 vivimus,
375 2460 562 2535 commodos,
576 2458 672 2535 utiles,
683 2476 711 2523 et
721 2462 871 2542 benignos
886 2460 1053 2543 praestaret.

128 2542 320 2624 interpretari
342 2542 483 2605 Auctoris
505 2544 607 2617 rerba,
622 2543 652 2602 in
666 2542 800 2629 Figurae
822 2546 951 2627 digitum
975 2548 1137 2622 intendere,
1152 2544 1296 2611 Lectores

85 2648 141 2710 per
155 2626 299 2689 orationis
313 2624 457 2689 involutae
477 2624 677 2707 labyrinthos,
691 2645 740 2691 aut
753 2631 965 2713 parentheseos
988 2632 1126 2692 obscurae
1148 2634 1295 2709 tenebras,

84 2714 207 2785 ducere,
226 2710 291 2771 brec
315 2708 417 2773 omnia
441 2708 514 2771 nihil
536 2711 680 2771 exirninm
704 2712 821 2787 liabent,
845 2732 901 2777 nec
925 2728 957 2777 ut
978 2715 1110 2797 loquitur
1131 2714 1295 2799 Epictetus,

83 2794 250 2875 quidquam
263 2793 382 2877 pulchri
396 2808 449 2857 out
461 2798 593 2876 sapiente
608 2796 744 2875 (lignum.
784 2800 835 2859 nrt
849 2799 905 2859 lroc
918 2800 1005 2860 nobis
1017 2799 1210 2862 annitendum
1232 2816 1295 2879 cst;

82 2880 142 2941 lroc
155 2900 174 2939 o
185 2898 231 2939 rus
244 2890 378 2941 nostrum
392 2890 436 2941 est
449 2878 639 2961 palmarium,
664 2902 749 2941 usum
763 2896 794 2943 et
805 2884 934 2945 rationes
948 2884 1055 2945 horum
1074 2900 1294 2981 praeceptorum

81 2900 247 3039 ostentiere,
260 2962 424 3045 eodemque
448 2964 676 3025 auctoritatibus
698 2964 811 3042 fulcire,
826 2982 859 3028 ut
881 2964 981 3048 palam
1004 2969 1143 3030 onnnbus
1165 2970 1228 3045 fiat,
1242 2966 1304 3033 eos'

78 3047 128 3128 qni
142 3068 240 3109 mores
251 3066 321 3109 suos
330 3047 369 3107 ad
380 3048 437 3107 hoc
446 3048 578 3108 seculum
589 3069 770 3146 componere
779 3053 946 3133 negligunt,
956 3052 1044 3133 paria
1053 3052 1150 3115 facere
1159 3056 1293 3133 aegrotis,
1356 3063 1360 3073 '

78 3132 126 3209 spui
141 3131 244 3209 libros,
253 3130 307 3191 ubi
321 3131 454 3192 remedia
468 3133 580 3195 morbis
592 3154 652 3194 surs
665 3134 908 3215 praescribuntur,
922 3134 1023 3215 legere
1037 3136 1180 3211 contenti,
1193 3133 1293 3197 illedi-
1385 3162 1388 3175 ·

80 3213 107 3269 tl
118 3217 241 3287 comitio
253 3230 371 3277 tantum
381 3216 466 3276 abest
475 3230 506 3276 ut
515 3232 646 3291 utantur,
656 3231 689 3278 ut
698 3236 735 3278 ne
744 3216 913 3298 intelligant
923 3218 1043 3300 quidem
1054 3220 1116 3298 ejus
1125 3218 1292 3281 utilitatem.

115 3290 192 3383 ‚Nun
204 3300 288 3379 qnod
312 3316 372 3377 ego
387 3296 417 3355 in
432 3302 652 3362 commentariis
667 3302 739 3361 meis
754 3302 914 3381 quiequam
929 3302 1025 3363 sciens
1042 3302 1146 3365 volens
1169 3314 1294 3385 praeters

84 3374 222 3453 miserim,
233 3380 315 3461 quod
327 3380 367 3442 ad
384 3377 579 3444 Grannnatici
595 3381 725 3443 officium
741 3385 896 3465 pertineat.
920 3388 942 3447 S
966 3406 1018 3445 ero
1031 3384 1062 3447 id
1078 3406 1215 3447 sensuros
1229 3404 1293 3445 esse

83 3454 234 3531 tectores,
244 3467 414 3549 nequejam
431 3462 521 3523 ullam
536 3464 754 3543 supersuturam
771 3469 801 3527 in
816 3466 914 3527 verbis
929 3410 1050 3531 lloratii
1065 3468 1268 3532 difficultatem
1283 3490 1291 3525 ε

82 3558 118 3597 ac
132 3537 163 3596 in
177 3537 256 3633 hanc
269 3558 369 3611 curam
384 3546 537 3631 prrecipu'e
554 3547 684 3622 incubui,
700 3561 732 3606 nt
746 3564 933 3629 argurnertta,
946 3572 1014 3634 quae
1030 3565 1147 3626 tractat,
1162 3549 1291 3613 illustra·

83 3640 165 3715 ‘Ulli
181 3632 423 3713 ¹3¹¹⁰¹¹1¹imquas
439 3628 572 3700 adltibet,
585 3628 762 3692 soliditatem
778 3633 987 3713 indigitarcm3
1002 3647 1033 3695 ut
1045 3636 1217 3718 expedirem
1232 3636 1291 3698 cir·

83 3716 182 3763 curtus
195 3716 226 3765 et
240 3704 389 3785 ambages,
403 3736 456 3796 per
470 3733 545 3795 quas
560 3731 773 3795 nonuunquam
789 3714 899 3776 incedit
914 3718 952 3777 ad
1000 3718 1088 3781 lacita
1102 3740 1157 3781 sua
1180 3721 1291 3782 confir-

70 3786 206 3882 manda,
215 3800 246 3873 et
255 3786 299 3883 ad
309 3800 453 3861 contraria
464 3794 632 3871 refutanda,
644 3797 689 3858 vel
703 3798 850 3861 eludenda
862 3822 868 3857 :
885 3812 916 3858 ut
927 3816 1081 3875 veritatem
1093 3804 1290 3867 assertionum

81 3888 174 3949 ¹9⁵¹ss
189 3869 372 3965 ⁸²³b¹l¹fem3
395 3888 425 3935 ul
437 3882 583 3945 vafritiem
596 3879 668 3958 ejus,
684 3883 734 3943 nbi
749 3882 834 3963 qnasi
857 3904 895 3943 ex
911 3883 1026 3947 insidiis
1038 3884 1113 3965 agit,
1127 3908 1196 3967 quae
1211 3887 1290 3951 Lec-

81 3966 180 4017 torem
192 3954 362 4051 imperitum
378 3956 463 4021 sacili
476 3967 581 4047 fngiat,
596 3960 691 4023 oculis
703 3986 902 4049 exponerem3
918 3980 951 4025 ut
964 3968 1092 4049 denique
1106 3970 1137 4033 iu
1153 3972 1288 4053 apricum

82 4037 244 4117 proberrem
257 4038 416 4100 ridiculum
427 4042 506 4123 illud,
516 4048 596 4131 quod
607 4046 637 4107 in
646 4048 785 4110 omnibus
794 4070 868 4130 quas
878 4072 897 4108 o
919 4066 1036 4131 pugnat
1044 4054 1132 4116 rebus
1140 4053 1286 4115 adhibuit.

82 4116 158 4181 llaec
173 4138 242 4183 sunt
257 4143 326 4203 quae
340 4122 408 4183 feeit
423 4140 489 4187 ante
502 4152 547 4194 me
562 4152 659 4194 nenio.
682 4128 761 4193 Nam
777 4146 809 4194 ut
822 4146 867 4193 est
913 4132 1027 4197 oratius
1040 4158 1126 4197 verus
1148 4136 1286 4209 Proteus,

80 4224 159 4286 stupe
173 4207 286 4295 sormas
300 4207 458 4281 variando,
471 4210 638 4298 interpretes
653 4234 721 4274 suos
737 4236 815 4298 saepe
830 4216 943 4298 ellirgit,
959 4218 1091 4299 quietim
1107 4220 1116 4278 i
1140 4235 1203 4277 snm
1219 4236 1287 4297 rep-

79 4288 240 4351 rehendere
255 4290 421 4372 nequirent,
437 4304 582 4373 stupentes
606 4297 745 4371 fecerunt,
761 4300 840 4378 quod
860 4316 1029 4383 potuerunt.
1066 4304 1094 4363 A
1128 4312 1236 4363 serum
1257 4299 1285 4358 ei

78 4376 282 4462 sarpenrrmerti
297 4396 413 4435 sensnm
429 4398 489 4436 non
505 4378 598 4442 solum
614 4380 772 4454 diversum,
787 4384 837 4443 sed
851 4385 942 4445 etiam
957 4386 1124 4455 adversum,
1137 4400 1286 4461 quemque

78 4472 140 4531 ¹9⁸⁰
153 4478 190 4519 00
204 4458 273 4521 loco
286 4460 420 4521 refellere
434 4460 536 4520 voluit·
570 4461 640 4527 Non
655 4466 736 4544 quod
751 4485 809 4545 ego
824 4468 983 4545 quicquam
998 4468 1162 4527 detractum
1176 4462 1219 4523 eis
1234 4486 1285 4529 ve·

79 4532 139 4609 lim,
153 4540 204 4623 qui
225 4558 293 4607 ante
314 4564 361 4605 me
381 4542 511 4607 Horatio
532 4544 707 4677 illustranqo
721 4548 854 4612 laborem
869 4568 953 4609 suum
968 4546 1290 4639 contulerturtzluudo
1317 4628 1324 4637 .
