2790 4830
359 384 454 459 VlRl
478 380 625 456 CLARI
649 380 800 455 ANDR.
826 386 1034 464 DACERll

441 634 955 761 PRAEFATIO

270 956 351 1043 ΙΝ
392 957 733 1047 nonaum
774 962 1110 1097 susurrans

466 1228 917 1273 Μ’

239 1459 283 1500 nn
298 1460 432 1503 omnine
444 1464 486 1507 nr
499 1462 685 1505 euocanssu
700 1463 820 1505 sarran:
835 1468 983 1525 neumae,
998 1470 1040 1513 nr
1055 1474 1135 1529 qens

500 1546 702 1605 nucariense
719 1544 883 1591 senecam.

88 1662 290 1749 HORaTll
315 1684 431 1749 Satires
445 1686 562 1748 duobus
576 1684 677 1747 Libris
690 1686 927 1769 comprehensas,
940 1708 1020 1749 nunc
1037 1688 1186 1755 Sermones
1210 1720 1292 1765 nunc

91 1770 217 1845 Satires,
232 1770 316 1832 nullo
330 1768 498 1831 discrimine
513 1768 675 1855 appellarit
689 1772 769 1853 ipse:
791 1772 892 1833 verium
907 1792 996 1915 puum
1011 1770 1095 1833 ldens
1110 1774 1206 1835 modis
1220 1785 1288 1857 qni-

88 1856 213 1919 busdam
229 1854 381 1917 distinctas
406 1854 506 1915 anieno
521 1868 731 1937 repraesentent
743 1875 781 1917 ea
794 1858 908 1917 vocabu
921 1876 949 1930 a,
964 1876 984 1917 o
1006 1878 1064 1918 erce
1078 1858 1201 1939 pretium
1222 1860 1286 1921 sac-

89 1954 169 2003 turus
180 1940 293 2014 videor,
305 1938 339 2013 si,
352 1938 424 2019 quid
436 1938 548 2019 antiqui
560 1936 692 2001 Romani
704 1958 758 2023 per
770 1936 898 2001 Setiam
909 1878 1115 2017 intellexerint,
1124 1962 1283 2023 exponam.

88 2024 208 2085 Primus
222 2022 407 2084 doctissimus
421 2020 630 2099 casaubonus,
645 2036 733 2119 atque
746 2022 823 2087 adesi
836 2022 913 2085 nolus
926 2022 958 2086 in
973 2046 1009 2087 eo
1022 2024 1142 2085 feliciter
1160 2046 1280 2107 operam

88 2108 196 2186 posuit,
211 2120 242 2168 ut
256 2108 468 2167 demonstraret
484 2127 552 2187 quae
575 2118 604 2167 et
616 2105 710 2185 qualus
724 2119 801 2167 esset
821 2106 927 2169 Poiisis
942 2106 1079 2191 Satyrion
1098 2108 1282 2185 Graecorum

87 2212 157 2270 qnae
171 2190 272 2251 Satira
285 2189 502 2252 Romanorum.
530 2190 586 2251 Est
598 2189 645 2247 ille
660 2186 736 2247 liber
749 2190 896 2271 quantivis
911 2191 1015 2274 pretiis
1028 2214 1084 2253 nec
1098 2194 1222 2254 diffiteor
1236 2217 1283 2255 me

89 2274 158 2335 inde
173 2276 330 2358 plurimum
345 2272 477 2350 adjutum
493 2274 589 2335 fuisse.

130 2358 189 2437 llic
203 2358 281 2420 errim
296 2371 338 2416 est
351 2354 472 2433 sructttS,
487 2376 572 2438 quem
588 2372 623 2412 ex
635 2356 841 2419 excellentium
861 2360 993 2423 virorum
1014 2361 1169 2425 laboribus
1191 2365 1285 2447 perei-

87 2464 157 2522 pere
167 2446 322 2505 debenms:
338 2438 387 2517 qni
398 2439 466 2499 ideb
475 2439 560 2500 nobis
569 2433 759 2517 praeiverunt,
770 2457 801 2502 ut
813 2444 844 2504 iu
856 2444 956 2527 spissis
968 2446 1149 2527 antiquitatis
1160 2449 1286 2509 tenebris

88 2526 182 2586 facem
198 2520 419 2584 succedentibus
434 2521 614 2603 pemserrent·
640 2516 711 2584 Non
727 2538 825 2585 tamen
841 2529 872 2587 in
887 2530 1051 2609 superiores
1066 2531 1108 2591 ita
1122 2531 1200 2593 oculi
1214 2532 1287 2593 deli-
1320 2544 1333 2575 '-

87 2610 187 2682 gemla
203 2620 233 2665 ut
247 2606 375 2684 propriis
390 2606 476 2664 etiarn
492 2600 638 2681 gressibus
655 2624 714 2665 non
729 2609 939 2671 attendamus:
967 2634 1022 2689 per
1034 2613 1101 2673 illas
1115 2616 1192 2675 euim
1207 2616 1286 2677 inee-

85 2690 160 2748 dunt
175 2688 334 2765 aliquando
350 2687 475 2759 semitas,
491 2688 522 2747 iu
533 2681 638 2763 quibus
652 2708 711 2748 iton
724 2703 816 2748 tutum
829 2690 866 2747 sit
878 2712 928 2749 eos
940 2694 1022 2771 sequi
1034 2715 1041 2752 :
1056 2698 1086 2755 id
1099 2700 1180 2773 qnod
1190 2712 1219 2761 et
1230 2722 1284 2779 ego

85 2770 133 2827 lrie
149 2770 224 2837 cam,
241 2789 320 2849 saepe
333 2772 395 2827 rias
410 2770 515 2847 partim
529 2764 610 2825 tritas
626 2784 748 2843 secutus,
763 2782 793 2825 nt
810 2769 839 2827 in
854 2792 1014 2850 progressu
1041 2776 1152 2839 ratebit.

126 2850 182 2910 Est
196 2864 293 2910 antem
309 2852 409 2909 Satira
423 2852 558 2929 quaedam
574 2844 707 2915 Potseos
721 2850 832 2927 speeies
849 2852 912 2911 aliis
927 2852 1015 2926 quaitn
1030 2797 1179 2919 llormnris
1197 2881 1283 2939 prm·

85 2952 133 2991 sus
148 2933 311 3011 incognita,
327 2952 380 2991 nec
393 2930 454 2991 ulla
468 2950 532 2992 euru
548 2926 686 3011 Satyrion
701 2932 876 2991 Graecorum
898 2933 981 3023 poesi
1006 2941 1187 3009 cogitatione
1209 2961 1281 3001 ron.

78 3016 197 3095 juneta,
212 3036 279 3097 qum
294 3029 392 3075 tamen
407 3011 590 3093 quorundam
606 3016 758 3075 ‹loetorum
775 3014 876 3093 opinio
892 3012 955 3071 luit.
999 3012 1201 3091 Quintilianus
1216 3043 1279 3078 ‹trut-

85 3120 151 3161 nem
166 3100 378 3161 dubitationem
394 3096 479 3171 tollit,
489 3092 556 3152 cirin
572 3098 673 3158 scribit
683 3092 751 3153 Lib.
766 3095 785 3153 i.
800 3116 866 3173 cap.
885 3100 931 3156 10.
976 3092 1078 3157 Sotira
1089 3101 1201 3181 quidem
1218 3112 1278 3163 tom

85 3200 182 3246 nostro
205 3192 253 3245 eat.
295 3181 370 3243 lnde
392 3177 534 3257 estquod
559 3178 701 3239 Horatius
724 3176 786 3236 Sat.
812 3180 858 3237 10.
874 3176 943 3239 Lib.
960 3178 978 3239 i.
994 3200 1054 3240 ver.
1070 3184 1118 3241 66.
1167 3184 1278 3247 Gra-eis

83 3266 220 3329 intectum
234 3287 345 3328 tormen
361 3267 483 3327 dixerut·
1035 3264 1049 3290 ·'
1191 3306 1194 3313 ,

125 3351 206 3413 Ecce
220 3352 272 3413 tibi
285 3365 454 3423 aerumnam
470 3344 556 3424 liujus
570 3344 651 3404 vocis
664 3341 907 3425 Etymologiam:
922 3344 1022 3407 Latini
1038 3344 1176 3410 Saturum
1192 3370 1277 3417 rusurr-

106 3438 197 3498 abant
228 3458 261 3497 ro
268 3424 365 3515 pleno,
375 3430 420 3493 cui
433 3427 471 3487 ael
484 3427 691 3509 perfectionem
704 3426 774 3486 nihil
787 3427 917 3489 deesset:
933 3430 999 3495 bine
1012 3428 1105 3491 Satur
1115 3432 1196 3493 color
1207 3437 1275 3497 edm

83 3456 153 3577 lina
167 3459 294 3579 collirem
311 3516 397 3595 plerm
411 3513 607 3585 combibisset,
622 3510 846 3589 necquicquam
864 3514 901 3573 ad
916 3514 1069 3571 tincturam
1086 3516 1176 3599 adjici
1189 3536 1274 3600 potu.

81 3596 159 3657 isset.
182 3600 231 3660 Ex
245 3598 334 3657 Sotae
346 3598 453 3673 sactum
469 3595 587 3667 Satura,
600 3595 679 3676 quod
693 3592 894 3657 Sertirnetiarn
907 3595 979 3676 peri
991 3596 1160 3676 efferebant,
1174 3598 1274 3681 quem.

81 3678 242 3741 admodum
256 3682 392 3741 enorimoa
406 3694 435 3738 et
448 3698 604 3753 acerrimos,
619 3688 748 3760 optumus
762 3693 790 3737 et
804 3679 934 3760 optimus.
977 3678 1033 3737 Est
1046 3680 1271 3761 igitur-'ellonem

78 3756 270 3840 Aelp'eetirmm,
280 3763 358 3843 quod
367 3760 536 3824 relationem
550 3762 639 3823 habet
650 3762 688 3823 ad
702 3760 914 3822 Sebetorrta'oum
926 3762 1102 3822 intellectum
1113 3785 1122 3823 :
1134 3764 1289 3845 dicebaao

78 3842 158 3903 enim
173 3846 261 3925 prisci
278 3846 413 3907 Saturum
429 3847 623 3925 intelligentes
636 3845 752 3908 lnrteern.
795 3841 870 3905 Erat
886 3862 983 3906 aeirem
1000 3844 1110 3905 ‚bittunt
1128 3846 1201 3909 levric
1218 3856 1277 3907 ras'

81 3923 214 4005 (Gallice
227 3950 264 3988 nn
277 3926 486 4007 bacciniorum
497 3950 591 4009 gertus
601 3928 742 3991 smretibus
755 3927 906 4007 repletum,
916 3950 989 4009 quos
1001 3928 1101 3988 Cereri
1116 3930 1268 4009 (quotannis

79 4024 110 4068 et
123 4008 257 4087 Baccho,
271 4026 302 4071 ut
317 4010 489 4073 coniurandi
504 4026 697 4093 proventuum
713 4010 866 4093 primitias,
883 4015 986 4073 oll'erre
1000 4011 1151 4077 solebant:
1174 4003 1269 4091 eupiun-

79 4093 162 4154 modi
177 4092 340 4156 oblationes
353 4114 392 4155 ex
405 4092 494 4153 variis
517 4095 671 4171 pasteribus
689 4098 765 4155 inter
784 4114 813 4151 se
831 4097 961 4157 confusis
980 4115 1038 4153 non
1055 4109 1137 4153 erttnt
1158 4095 1269 4155 Granis

79 4178 204 4239 ‹runtriuo
215 4176 385 4256 incognitae,
416 4176 444 4235 ui
453 4197 503 4236 eas
513 4176 701 4255 appellabant
713 4201 849 4248 παγκαςπω
864 4179 956 4239 &want
968 4201 1133 4247 somenam.
1146 4192 1173 4237 et
1188 4180 1215 4236 in
1229 4179 1269 4237 le·

79 4262 250 4332 guminibns
262 4262 381 4327 mentm
429 4259 556 4341 iontedes
575 4258 791 4323 Grammaticus
810 4267 949 4327 accurati:
973 4278 1000 4323 et
1023 4264 1098 4322 lrurre
1117 4262 1270 4321 Ronrano-

79 4354 145 4401 tum
161 4365 272 4407 morem
287 4358 315 4417 et
336 4340 416 4405 vocis
432 4338 547 4402 Set-urm
561 4360 696 4404 naeinam
711 4345 871 4426 explicavit
888 4351 931 4408 liis
945 4347 1049 4411 seritis,
1065 4343 1152 4403 Lena
1167 4342 1270 4423 reserm

78 4423 169 4481 ecrite·
183 4429 332 4511 mentisque
348 4426 487 4511 primitiis
504 4424 602 4487 Sacris
621 4428 733 4489 Cereris
748 4427 933 4507 instrebuenr,
950 4429 1005 4489 etei
1028 4425 1108 4509 copiti
1124 4440 1152 4487 et
1167 4431 1271 4488 saturi·
